2992 4826
685 315 690 320 ,
757 231 844 300 ,109

371 403 446 488 'Eat
464 419 500 484 in
518 427 618 482 nocte
630 415 741 495 timor,
761 439 830 482 non
851 429 896 483 est
914 416 951 484 in
971 429 1064 484 nocte
1075 419 1245 508 periclum.

389 527 464 591 Nec¹
479 523 556 589 volo
579 521 918 606 contendaszrineea,
941 545 1016 588 cum
1037 524 1152 592 vicerit
1176 527 1241 594 ille.

494 784 507 893 ,Ῐ
532 695 953 892 narar'Arufiiiiau'
966 809 1103 878 Aterni·

670 915 704 967 de
721 931 819 984 capono
837 914 969 983 phasiano·

347 1033 491 1103 Candida
512 1009 680 1099 Phoebaea
701 1023 907 1118 praefulguut
928 1055 984 1098 ora
1007 1033 1137 1118 rubore,

388 1131 492 1206 Crista
513 1139 611 1226 riget,
633 1135 737 1201 radiis'
754 1137 846 1222 ignea
867 1136 964 1202 barba
986 1136 1093 1203 micat.
1181 1131 1186 1158 ⁵
1244 1205 1256 1214 ,,

319 1281 320 1288 1
347 1245 445 1328 Alae,
468 1233 564 1325 colla,
587 1265 713 1324 comae,
734 1255 858 1330 pectus,
881 1241 1006 1326 femur,
1027 1243 1174 1332 inguina,
1194 1249 1289 1318 cauda
1370 1262 1374 1272 '

389 1348 547 1416 Paestanis
568 1347 673 1412 lucent
692 1345 860 1412 floridiora
881 1345 986 1420 rosis.¹

264 1470 285 1532 5
349 1457 516 1522 Flammea
537 1453 583 1518 sie
610 1443 743 1518 rutilum
766 1451 931 1537 dislinguit
953 1450 1052 1540 pinna
1074 1457 1228 1543 colorem,
1336 1539 1339 1544 Ι

388 1562 435 1628 Ut
455 1561 586 1628 vibrare
605 1573 696 1649 putes
717 1558 847 1646 plumea
867 1554 1016 1622 membra
1037 1555 1131 1644 fares.

628 1787 632 1792 -
775 1731 860 1812 261.

733 1843 901 1913 Ablavium

620 1955 649 2006 in
666 1952 863 2006 Constantinum
884 1949 1019 2019 Magnum.
1127 1947 1129 1952 ¹

489 2070 618 2136 Saturni
638 2094 732 2136 aurea
752 2070 837 2135 secla
857 2069 926 2157 quis
947 2074 1113 2160 requirat?

407 2257 409 2264 Ι
490 2177 569 2242 Sunt
588 2175 667 2242 haec
685 2196 850 2264 gemmea,
871 2175 927 2238 sed
948 2177 1146 2248 Neroniana.

778 2367 862 2445 262.

584 2501 730 2572 Aemilii
751 2504 880 2592 Magni
904 2499 1048 2570 Arborii

618 2610 652 2662 ad
666 2613 808 2680 nympham
820 2609 895 2662 nimir
908 2608 1013 2660 oultam.

348 2743 465 2829 Paroa,
487 2767 621 2834 precor,
642 2746 755 2834 virgo,
775 2746 865 2811 toties
887 2739 971 2809 inihi
993 2745 1075 2810 culta
1096 2744 1213 2829 videri,
1333 2766 1336 2776 ‘

386 2847 504 2937 Meque
524 2863 619 2916 tuum
639 2850 748 2920 forma
768 2851 905 2940 perdere
924 2873 1018 2938 parce
1037 2863 1105 2916 tuar
1199 2924 1212 2960 l

252 3004 256 3012 ,
344 2952 444 3019 Parce
464 2977 664 3045 supervacuo
684 2958 769 3021 cultu
791 2978 988 3044 componere
1009 2956 1167 3040 membra,
1198 3004 1202 3010 ·

385 3057 509 3146 Augeri
529 3059 633 3126 studio
654 3073 722 3126 lam
742 3061 829 3129 bona
848 3059 957 3127 forma
977 3063 1100 3149 nequit.

258 3174 280 3236 5
342 3165 397 3231 Ne
415 3165 474 3230 ribi
491 3164 532 3231 sit
551 3177 636 3231 tanto
659 3162 751 3254 capul
771 3179 802 3232 et
823 3189 917 3232 ooma
937 3189 1020 3254 pexa
1039 3167 1165 3233 laboret

382 3271 426 3334 Et
449 3283 541 3358 caput
560 3271 623 3334 hoc
644 3269 769 3336 bellum
790 3279 835 3338 ast
858 3285 890 3337 et
911 3294 1004 3334 coma
1021 3271 1123 3336 mixta
1144 3273 1255 3359 placet.

344 3375 398 3439 Ne
417 3374 572 3461 stringant
592 3376 704 3441 rutilos
725 3375 784 3441 ribi
807 3377 915 3440 Serica
936 3375 1045 3440 vincla
1066 3375 1206 3464 capillos,

383 3478 468 3543 Cum
489 3477 622 3543 vincant
641 3480 756 3546 rutilae
779 3479 886 3545 Serica
907 3478 1015 3544 vinela
1037 3501 1164 3560 comae3

340 3583 412 3649 Neo
433 3582 492 3648 ribi
510 3583 725 3667 multiplicem
746 3585 849 3650 crines
871 3600 1063 3654 revocentur
1083 3583 1119 3649 in
1141 3585 1265 3669 orbem,

257 3701 298 3762 10
382 3685 498 3752 Inculti
522 3687 626 3752 crines
648 3689 764 3776 absque
783 3689 893 3755 labore
913 3691 1051 3779 placent.

340 3790 450 3860 Aurea
470 3815 530 3857 neo
551 3794 648 3859 video
670 3817 727 3858 our
748 3793 899 3860 flammea
921 3795 1042 3862 veniae
1064 3809 1190 3886 portea3

380 3895 491 3964 Aurea
511 3921 589 3964 nam
609 3899 697 3965 nudo
720 3899 840 3965 verlice
860 3912 923 3966 lota
944 3900 1035 3994 uitae.

336 4001 479 4088 Utraque
499 4002 562 4070 fert
583 4006 669 4070 auris
691 4028 822 4088 aurum,
850 4003 913 4070 fert
934 4018 1065 4093 utraque
1085 4027 1240 4094 gemmas,

376 4107 521 4193 Utraque
541 4109 627 4175 nuda
648 4111 744 4177 novis
765 4110 968 4177 anteferenda
989 4112 1082 4177 rosis.

254 4222 297 4285 15
341 4211 410 4278 Ora
430 4209 508 4275 facia
530 4212 634 4278 vitreo
657 4215 717 4280 ribi
736 4216 955 4303 splendidiora
975 4215 1089 4296 nitore,

382 4317 469 4384 Cum
489 4327 601 4382 tamen
622 4340 679 4383 ora
701 4318 788 4386 vitro
809 4320 1029 4408 splendidiora
1048 4341 1149 4404 geras.
