2992 4826
608 177 812 354 ,ἐρ’-

225 433 343 504 Condit
362 455 475 502 avarus
496 457 571 524 opos
592 433 815 525 defossumque
836 435 961 504 invenit
980 457 1104 508 aurum.

223 541 366 609 Venator
385 543 479 608 saltus
500 540 628 625 canibus
649 541 756 630 quatit.
800 541 908 632 Eripit
924 541 1018 610 undis

223 647 291 715 Aut
310 645 430 738 premit
450 667 597 714 eversam
624 647 781 736 perinuus
800 648 907 718 navita
926 649 1074 740 puppim.

225 752 343 820 Scribit
363 752 498 820 amatori
517 751 691 832 meretrix3
716 752 769 818 dat
788 752 928 822 adultera
948 777 1076 840 munus,

161 867 204 935 15
223 859 266 926 Et
288 859 372 924 canis
393 856 429 922 in
449 856 573 922 somnis
593 855 713 946 leporis
737 856 870 944 vestigia
889 857 990 925 latrat.

223 964 278 1050 [In
298 963 400 1031 noctis
422 959 523 1052 spatio
543 958 741 1062 miserorum
760 963 895 1030 muers
916 962 1056 1050 durant]

670 1137 754 1215 171·

547 1245 709 1316 Petronii
727 1244 885 1333 Arbitri„

222 1367 328 1436 Nocte
349 1360 528 1456 soporifera
546 1362 647 1431 veluti
667 1385 743 1431 oum
762 1365 891 1436 somnia
909 1365 1023 1434 ludunt

225 1472 380 1540 Errantes
395 1473 519 1556 oculos,
543 1468 718 1557 effossaque
737 1473 870 1558 protulit
891 1495 1005 1538 aurum

222 1577 263 1644 In
284 1579 390 1644 lucem
409 1577 516 1662 tellus,
544 1588 651 1642 versat
670 1597 785 1640 manus
805 1575 942 1665 inproba
961 1575 1095 1660 furtum,¹

222 1681 465 1770 Thesaurosque
483 1681 584 1772 rapit,
605 1678 704 1745 sudor
725 1702 849 1769 quoque
868 1680 986 1770 perluit
1005 1703 1072 1763 ora,

160 1799 183 1862 5
224 1789 267 1856 Et
285 1799 429 1854 mentem
449 1786 549 1851 timor
569 1783 648 1848 altus
668 1782 780 1866 habet,
801 1803 845 1848 ne
865 1782 952 1849 forte
974 1794 1139 1870 gravenam

221 1893 370 1960 Excutiat
389 1889 554 1978 gremium
572 1886 686 1952 secreti
707 1884 849 1951 conscius
869 1886 950 1952 auri.
1093 1871 1101 1892 '

221 1998 307 2065 Mox
328 1995 386 2062 ubi
406 1991 554 2077 fugerunt
575 1989 697 2056 elusam
717 1991 830 2079 gaudia
849 2004 993 2059 mentem

221 2099 372 2187 Veraque
390 2095 499 2164 forma
517 2095 620 2182 radit,
639 2095 782 2180 animus,
809 2097 893 2186 quod
913 2095 1067 2187 perdidit,
1087 2111 1183 2190 optat,

223 2199 332 2292 Atque
351 2203 386 2270 in
406 2203 574 2294 praeterita
598 2223 634 2268 ae
653 2213 736 2268 totus
753 2201 895 2295 imagine
914 2215 1030 2272 versat.

671 2400 754 2477 172·

548 2519 709 2589 Petronii
728 2519 870 2590 Arbitri

587 2624 623 2680 da
639 2641 700 2693 arga
715 2627 837 2682 muliera

223 2752 388 2842 Quidquid
409 2753 445 2820 in
464 2752 543 2820 orbe
562 2753 670 2841 vides,
693 2767 783 2846 paret
801 2753 897 2821 mihi.
926 2753 1058 2822 Florida
1078 2755 1180 2840 tellus,

224 2861 310 2926 Cum
329 2860 426 2946 volo,
453 2859 574 2925 siccatis
595 2860 708 2928 arescit
727 2861 876 2950 languida
899 2861 1000 2940 sucis3

222 2968 308 3034 Cum
328 2968 423 3047 volo,
443 2963 549 3030 fimdit
568 2989 644 3053 opes
664 2968 819 3055 scopulis,
841 2977 932 3048 etque
953 2965 1084 3030 horrida
1106 2988 1183 3032 saxa

218 3071 359 3138 Niliacas
379 3071 554 3135 iaculantur
575 3091 688 3155 aquas3
708 3071 793 3134 mihi
809 3082 922 3156 pontus
942 3071 1062 3132 inertes

161 3182 182 3248 5
226 3173 388 3239 Submittit
408 3171 519 3237 fluctus
540 3170 753 3257 Zephyrique
771 3172 904 3238 tacentia
924 3182 1047 3262 ponunt

223 3276 312 3346 Ante
334 3299 424 3342 meos
444 3299 500 3342 sua
520 3273 621 3340 flabra
640 3273 747 3364 pedes.
789 3276 877 3344 Mihi
895 3276 1031 3344 flumina
1049 3291 1161 3368 parent

224 3385 446 3476 Hircanaeque
464 3381 576 3470 tigres,
603 3393 635 3448 et
655 3380 732 3448 iussi
751 3393 837 3449 stare
857 3383 1020 3450 dracones.

224 3491 313 3579 Quid
332 3490 457 3557 leviora
476 3491 616 3577 loquor?
659 3489 771 3554 Lunae
793 3489 952 3556 descendit
972 3489 1079 3577 imago

93 3655 97 3662 .
222 3595 427 3662 Carminibus
449 3595 579 3661 deducta
598 3594 695 3681 meis,
715 3595 919 3685 trepidusque
939 3591 1081 3660 furentes

161 3715 204 3779 10
224 3704 366 3769 Flectere
384 3699 532 3766 Phoebus
553 3723 649 3788 equos
669 3703 816 3769 revoluto
840 3702 962 3788 cogitur
982 3700 1072 3766 orbe.

223 3809 367 3874 Tantum
388 3806 469 3874 dicta
488 3807 611 3873 valent!
653 3808 839 3877 Taurorum
858 3808 991 3873 flamma
1013 3804 1141 3894 quiescit

223 3911 389 4001 virgineis
410 3910 545 3977 extincta
565 3911 681 3993 saeris,
709 3913 867 3979 Phoebeia
884 3913 979 3980 Circe

223 4018 429 4088 Carminibus
449 4017 581 4106 magicis
602 4017 704 4083 socios
724 4020 863 4086 mutavit
883 4018 1003 4104 Ulixis,
1113 4053 1117 4071 ·

222 4128 354 4195 Proteus
374 4147 441 4190 esse
460 4124 558 4207 solet,
583 4123 843 4212 quidquidlibet.
885 4126 946 4192 His
968 4147 1028 4214 ego
1049 4125 1163 4191 callens

162 4243 204 4310 15
225 4232 360 4301 Artibus
379 4230 491 4296 Idaeos
510 4226 639 4296 frutices
662 4232 698 4298 in
718 4232 840 4321 gurgite
859 4229 978 4316 sistam,

224 4340 267 4413 Et
286 4360 394 4408 rursus
415 4335 534 4406 fluvios
554 4335 590 4407 in
610 4360 739 4407 summo
760 4338 879 4407 vertice
898 4359 1029 4430 ponam.
