<?xml version="1.0" encoding="UTF-8"?>
<!DOCTYPE html PUBLIC "-//W3C//DTD XHTML 1.0 Transitional//EN"
    "http://www.w3.org/TR/xhtml1/DTD/xhtml1-transitional.dtd">
<html xmlns="http://www.w3.org/1999/xhtml" xml:lang="en" lang="en">
 <head>
  <title>
</title>
<meta http-equiv="Content-Type" content="text/html;charset=utf-8" />
  <meta name='ocr-system' content='tesseract 3.04.00' />
  <meta name='ocr-capabilities' content='ocr_page ocr_carea ocr_par ocr_line ocrx_word'/>
</head>
<body>
  <div class='ocr_page' id='page_1' title='image "./anthologiaveter00burmgoog_0097.png"; bbox 0 0 2992 4826; ppageno 0'>
   <div class='ocr_carea' id='block_1_1' title="bbox 182 207 1281 2175">
    <p class='ocr_par' dir='ltr' id='par_1_1' title="bbox 706 207 911 328">
     <span class='ocr_line' id='line_1_1' title="bbox 706 207 911 328; baseline 0.005 -1"><span class='ocrx_word' id='word_1_1' title='bbox 706 207 911 328; x_wconf 46' lang='lat'><strong>224..</strong></span> 
     </span>
    </p>

    <p class='ocr_par' dir='ltr' id='par_1_2' title="bbox 339 408 1274 495">
     <span class='ocr_line' id='line_1_2' title="bbox 339 408 1274 495; baseline -0.007 -13"><span class='ocrx_word' id='word_1_2' title='bbox 339 413 477 482; x_wconf 80' lang='lat' dir='ltr'><strong>Tristius</strong></span> <span class='ocrx_word' id='word_1_3' title='bbox 497 409 574 493; x_wconf 88' lang='lat' dir='ltr'><strong>hoc,</strong></span> <span class='ocrx_word' id='word_1_4' title='bbox 595 408 749 492; x_wconf 84' lang='lat' dir='ltr'><strong>memini,</strong></span> <span class='ocrx_word' id='word_1_5' title='bbox 763 411 946 495; x_wconf 75' lang='lat' dir='ltr'><strong>revocasti,</strong></span> <span class='ocrx_word' id='word_1_6' title='bbox 964 409 1107 494; x_wconf 64' lang='lat' dir='ltr'><strong>Battara}</strong></span> <span class='ocrx_word' id='word_1_7' title='bbox 1132 409 1274 476; x_wconf 72' lang='lat' dir='ltr'><strong>carnion</strong></span> 
     </span>
    </p>

    <p class='ocr_par' dir='ltr' id='par_1_3' title="bbox 254 513 1281 1021">
     <span class='ocr_line' id='line_1_3' title="bbox 254 513 1281 606; baseline -0.006 -21"><span class='ocrx_word' id='word_1_8' title='bbox 254 531 298 593; x_wconf 78' lang='lat'><strong>55</strong></span> <span class='ocrx_word' id='word_1_9' title='bbox 341 519 448 606; x_wconf 89' lang='lat' dir='ltr'><strong>Nigro</strong></span> <span class='ocrx_word' id='word_1_10' title='bbox 471 515 571 580; x_wconf 87' lang='lat' dir='ltr'><strong>mults</strong></span> <span class='ocrx_word' id='word_1_11' title='bbox 591 515 676 580; x_wconf 72' lang='lat' dir='ltr'><strong>me‘ri</strong></span> <span class='ocrx_word' id='word_1_12' title='bbox 696 513 804 580; x_wconf 89' lang='lat' dir='ltr'><strong>dicunt</strong></span> <span class='ocrx_word' id='word_1_13' title='bbox 822 527 969 605; x_wconf 84' lang='lat' dir='ltr'><strong>portenta</strong></span> <span class='ocrx_word' id='word_1_14' title='bbox 988 527 1126 599; x_wconf 30' lang='lat' dir='ltr'><strong>nature,</strong></span> <span class='ocrx_word' id='word_1_15' title='bbox 1277 517 1281 530; x_wconf 89' lang='grc'><strong>’</strong></span> 
     </span>
     <span class='ocr_line' id='line_1_4' title="bbox 336 611 1215 709; baseline -0.007 -19"><span class='ocrx_word' id='word_1_16' title='bbox 336 625 483 691; x_wconf 85' lang='lat' dir='ltr'><strong>Monstra</strong></span> <span class='ocrx_word' id='word_1_17' title='bbox 503 611 677 708; x_wconf 83' lang='lat' dir='ltr'><strong>repentinis</strong></span> <span class='ocrx_word' id='word_1_18' title='bbox 698 619 852 685; x_wconf 86' lang='lat' dir='ltr'><strong>terrentia</strong></span> <span class='ocrx_word' id='word_1_19' title='bbox 873 642 966 709; x_wconf 83' lang='lat' dir='ltr'><strong>saepe</strong></span> <span class='ocrx_word' id='word_1_20' title='bbox 983 617 1107 707; x_wconf 85' lang='lat' dir='ltr'><strong>figuris,</strong></span> <span class='ocrx_word' id='word_1_21' title='bbox 1212 617 1215 622; x_wconf 68' lang='grc'>’</span> 
     </span>
     <span class='ocr_line' id='line_1_5' title="bbox 337 719 1276 814; baseline -0.003 -18"><span class='ocrx_word' id='word_1_22' title='bbox 337 730 423 796; x_wconf 87' lang='lat' dir='ltr'><strong>Cum</strong></span> <span class='ocrx_word' id='word_1_23' title='bbox 448 723 551 791; x_wconf 80' lang='lat' dir='ltr'><strong>subito&#39;</strong></span> <span class='ocrx_word' id='word_1_24' title='bbox 572 743 733 788; x_wconf 75' lang='lat' dir='ltr'><strong>emersere</strong></span> <span class='ocrx_word' id='word_1_25' title='bbox 751 719 872 790; x_wconf 85' lang='lat' dir='ltr'><strong>furenti</strong></span> <span class='ocrx_word' id='word_1_26' title='bbox 892 745 1028 814; x_wconf 85' lang='lat' dir='ltr'><strong>corpora</strong></span> <span class='ocrx_word' id='word_1_27' title='bbox 1048 735 1159 814; x_wconf 75' lang='lat' dir='ltr'><strong>punto.</strong></span> <span class='ocrx_word' id='word_1_28' title='bbox 1271 737 1276 746; x_wconf 95' lang='grc'><strong><em>’</em></strong></span> 
     </span>
     <span class='ocr_line' id='line_1_6' title="bbox 337 825 1115 916; baseline -0.003 -18"><span class='ocrx_word' id='word_1_29' title='bbox 337 833 426 898; x_wconf 90' lang='lat' dir='ltr'><strong>Haec</strong></span> <span class='ocrx_word' id='word_1_30' title='bbox 450 839 520 914; x_wconf 89' lang='lat' dir='ltr'><strong>agat</strong></span> <span class='ocrx_word' id='word_1_31' title='bbox 538 825 655 892; x_wconf 84' lang='lat' dir='ltr'><strong>infesto</strong></span> <span class='ocrx_word' id='word_1_32' title='bbox 676 827 843 916; x_wconf 70' lang='lat' dir='ltr'><strong>Neptunus</strong></span> <span class='ocrx_word' id='word_1_33' title='bbox 864 849 955 894; x_wconf 89' lang='lat' dir='ltr'><strong>caeca</strong></span> <span class='ocrx_word' id='word_1_34' title='bbox 972 829 1115 916; x_wconf 87' lang='lat' dir='ltr'><strong>tridenti,</strong></span> 
     </span>
     <span class='ocr_line' id='line_1_7' title="bbox 336 931 1256 1021; baseline -0.001 -17"><span class='ocrx_word' id='word_1_35' title='bbox 336 934 812 1014; x_wconf 32' lang='lat' dir='ltr'><strong>Au·um·cnnve1tens¹aestum</strong></span> <span class='ocrx_word' id='word_1_36' title='bbox 833 931 932 998; x_wconf 82' lang='lat' dir='ltr'><strong>meris</strong></span> <span class='ocrx_word' id='word_1_37' title='bbox 953 933 1092 1021; x_wconf 87' lang='lat' dir='ltr'><strong>undique</strong></span> <span class='ocrx_word' id='word_1_38' title='bbox 1111 937 1228 1019; x_wconf 79' lang='lat' dir='ltr'><strong>ventis,</strong></span> <span class='ocrx_word' id='word_1_39' title='bbox 1252 983 1256 988; x_wconf 87' lang='lat'>-</span> 
     </span>
    </p>

    <p class='ocr_par' dir='ltr' id='par_1_4' title="bbox 252 1027 1261 1542">
     <span class='ocr_line' id='line_1_8' title="bbox 252 1027 1107 1117; baseline -0.002 -9"><span class='ocrx_word' id='word_1_40' title='bbox 252 1051 295 1117; x_wconf 83' lang='grc'><strong>60</strong></span> <span class='ocrx_word' id='word_1_41' title='bbox 335 1041 379 1108; x_wconf 87' lang='lat' dir='ltr'><strong>Et</strong></span> <span class='ocrx_word' id='word_1_42' title='bbox 399 1037 526 1104; x_wconf 87' lang='lat' dir='ltr'><strong>fuscum</strong></span> <span class='ocrx_word' id='word_1_43' title='bbox 547 1027 690 1102; x_wconf 86' lang='lat' dir='ltr'><strong>cinerem</strong></span> <span class='ocrx_word' id='word_1_44' title='bbox 712 1036 797 1103; x_wconf 86' lang='lat' dir='ltr'><strong>cenis</strong></span> <span class='ocrx_word' id='word_1_45' title='bbox 818 1035 983 1103; x_wconf 80' lang='lat' dir='ltr'><strong>exhauriat</strong></span> <span class='ocrx_word' id='word_1_46' title='bbox 1002 1039 1107 1106; x_wconf 84' lang='lat' dir='ltr'><strong>undis.</strong></span> 
     </span>
     <span class='ocr_line' id='line_1_9' title="bbox 344 1139 1196 1226; baseline -0.002 -13"><span class='ocrx_word' id='word_1_47' title='bbox 344 1143 499 1213; x_wconf 84' lang='lat' dir='ltr'><strong>Dicentur</strong></span> <span class='ocrx_word' id='word_1_48' title='bbox 519 1161 594 1206; x_wconf 85' lang='lat' dir='ltr'><strong>mea</strong></span> <span class='ocrx_word' id='word_1_49' title='bbox 612 1163 688 1208; x_wconf 88' lang='lat' dir='ltr'><strong>rura</strong></span> <span class='ocrx_word' id='word_1_50' title='bbox 706 1139 815 1206; x_wconf 84' lang='lat' dir='ltr'><strong>ferum</strong></span> <span class='ocrx_word' id='word_1_51' title='bbox 835 1162 943 1226; x_wconf 87' lang='lat' dir='ltr'><strong>mare,</strong></span> <span class='ocrx_word' id='word_1_52' title='bbox 968 1155 1064 1209; x_wconf 85' lang='lat' dir='ltr'><strong>nauta</strong></span> <span class='ocrx_word' id='word_1_53' title='bbox 1084 1157 1196 1211; x_wconf 80' lang='lat' dir='ltr'><strong>cavelo</strong></span> 
     </span>
     <span class='ocr_line' id='line_1_10' title="bbox 335 1243 1109 1337; baseline -0.001 -22"><span class='ocrx_word' id='word_1_54' title='bbox 335 1249 440 1332; x_wconf 86' lang='lat' dir='ltr'><strong>Rura,</strong></span> <span class='ocrx_word' id='word_1_55' title='bbox 461 1246 574 1334; x_wconf 86' lang='lat' dir='ltr'><strong>quibus</strong></span> <span class='ocrx_word' id='word_1_56' title='bbox 596 1245 681 1312; x_wconf 85' lang='lat' dir='ltr'><strong>diras</strong></span> <span class='ocrx_word' id='word_1_57' title='bbox 702 1243 896 1328; x_wconf 79' lang='lat' dir='ltr'><strong>indiximus,</strong></span> <span class='ocrx_word' id='word_1_58' title='bbox 919 1246 1008 1337; x_wconf 87' lang='lat' dir='ltr'><strong>inpia</strong></span> <span class='ocrx_word' id='word_1_59' title='bbox 1024 1260 1109 1314; x_wconf 81' lang='lat' dir='ltr'><strong>vcta.</strong></span> 
     </span>
     <span class='ocr_line' id='line_1_11' title="bbox 341 1350 1261 1438; baseline -0.001 -17"><span class='ocrx_word' id='word_1_60' title='bbox 341 1355 377 1421; x_wconf 86' lang='lat' dir='ltr'><strong>Si</strong></span> <span class='ocrx_word' id='word_1_61' title='bbox 397 1353 505 1418; x_wconf 88' lang='lat' dir='ltr'><strong>minus</strong></span> <span class='ocrx_word' id='word_1_62' title='bbox 525 1350 617 1435; x_wconf 88' lang='lat' dir='ltr'><strong>haec,</strong></span> <span class='ocrx_word' id='word_1_63' title='bbox 639 1351 804 1438; x_wconf 75' lang='lat' dir='ltr'><strong>Neptune,</strong></span> <span class='ocrx_word' id='word_1_64' title='bbox 830 1362 896 1416; x_wconf 84' lang='lat' dir='ltr'><strong>tuas</strong></span> <span class='ocrx_word' id='word_1_65' title='bbox 917 1351 953 1416; x_wconf 89' lang='lat' dir='ltr'><strong>in</strong></span> <span class='ocrx_word' id='word_1_66' title='bbox 971 1350 1136 1418; x_wconf 87' lang='lat' dir='ltr'><strong>fundimus</strong></span> <span class='ocrx_word' id='word_1_67' title='bbox 1158 1377 1261 1437; x_wconf 87' lang='lat' dir='ltr'><strong>aures,</strong></span> 
     </span>
     <span class='ocr_line' id='line_1_12' title="bbox 335 1455 1156 1542; baseline -0.005 -16"><span class='ocrx_word' id='word_1_68' title='bbox 335 1461 477 1542; x_wconf 82' lang='lat' dir='ltr'><strong>Battara,</strong></span> <span class='ocrx_word' id='word_1_69' title='bbox 503 1457 689 1525; x_wconf 85' lang='lat' dir='ltr'><strong>fluminibus</strong></span> <span class='ocrx_word' id='word_1_70' title='bbox 709 1467 744 1520; x_wconf 89' lang='lat' dir='ltr'><strong>tu</strong></span> <span class='ocrx_word' id='word_1_71' title='bbox 764 1467 889 1520; x_wconf 74' lang='lat' dir='ltr'><strong>nosnos</strong></span> <span class='ocrx_word' id='word_1_72' title='bbox 910 1455 998 1522; x_wconf 88' lang='lat' dir='ltr'><strong>trade</strong></span> <span class='ocrx_word' id='word_1_73' title='bbox 1018 1457 1156 1522; x_wconf 86' lang='lat' dir='ltr'><strong>dolores.</strong></span> 
     </span>
    </p>

    <p class='ocr_par' dir='ltr' id='par_1_5' title="bbox 252 1551 1280 1860">
     <span class='ocr_line' id='line_1_13' title="bbox 252 1551 1260 1649; baseline -0.004 -19"><span class='ocrx_word' id='word_1_74' title='bbox 252 1567 295 1638; x_wconf 77' lang='lat'><strong>65</strong></span> <span class='ocrx_word' id='word_1_75' title='bbox 337 1564 427 1630; x_wconf 89' lang='lat' dir='ltr'><strong>Nam</strong></span> <span class='ocrx_word' id='word_1_76' title='bbox 446 1562 505 1627; x_wconf 90' lang='lat' dir='ltr'><strong>tibi</strong></span> <span class='ocrx_word' id='word_1_77' title='bbox 524 1575 596 1628; x_wconf 84' lang='lat' dir='ltr'><strong>sunt</strong></span> <span class='ocrx_word' id='word_1_78' title='bbox 616 1562 735 1644; x_wconf 88' lang='lat' dir='ltr'><strong>fontes,</strong></span> <span class='ocrx_word' id='word_1_79' title='bbox 761 1560 820 1625; x_wconf 86' lang='lat' dir='ltr'><strong>tibi</strong></span> <span class='ocrx_word' id='word_1_80' title='bbox 840 1583 969 1649; x_wconf 84' lang='lat' dir='ltr'><strong>semper</strong></span> <span class='ocrx_word' id='word_1_81' title='bbox 988 1561 1124 1627; x_wconf 83' lang='lat' dir='ltr'><strong>flumina</strong></span> <span class='ocrx_word' id='word_1_82' title='bbox 1144 1551 1260 1626; x_wconf 87' lang='lat' dir='ltr'><strong>amica.</strong></span> 
     </span>
     <span class='ocr_line' id='line_1_14' title="bbox 336 1664 1280 1754; baseline -0.001 -21"><span class='ocrx_word' id='word_1_83' title='bbox 336 1667 397 1733; x_wconf 92' lang='lat' dir='ltr'><strong>Nil</strong></span> <span class='ocrx_word' id='word_1_84' title='bbox 410 1677 465 1748; x_wconf 90' lang='lat' dir='ltr'><strong>est,</strong></span> <span class='ocrx_word' id='word_1_85' title='bbox 486 1667 572 1753; x_wconf 91' lang='lat' dir='ltr'><strong>quod</strong></span> <span class='ocrx_word' id='word_1_86' title='bbox 591 1668 727 1754; x_wconf 88' lang='lat' dir='ltr'><strong>perdam</strong></span> <span class='ocrx_word' id='word_1_87' title='bbox 749 1664 895 1732; x_wconf 82' lang='lat' dir='ltr'><strong>ulterius:</strong></span> <span class='ocrx_word' id='word_1_88' title='bbox 916 1667 1034 1733; x_wconf 85' lang='lat' dir='ltr'><strong>merito</strong></span> <span class='ocrx_word' id='word_1_89' title='bbox 1055 1664 1166 1732; x_wconf 87' lang='lat' dir='ltr'><strong>omnin</strong></span> <span class='ocrx_word' id='word_1_90' title='bbox 1188 1667 1280 1732; x_wconf 85' lang='lat' dir='ltr'><strong>dicis.</strong></span> 
     </span>
     <span class='ocr_line' id='line_1_15' title="bbox 257 1769 1233 1860; baseline -0.003 -21"><span class='ocrx_word' id='word_1_91' title='bbox 257 1805 259 1822; x_wconf 70' lang='lat'><em>2</em></span> <span class='ocrx_word' id='word_1_92' title='bbox 337 1771 468 1839; x_wconf 78' lang='lat' dir='ltr'><strong>Flectite</strong></span> <span class='ocrx_word' id='word_1_93' title='bbox 488 1769 648 1836; x_wconf 83' lang='lat' dir='ltr'><strong>curreutes</strong></span> <span class='ocrx_word' id='word_1_94' title='bbox 666 1772 838 1860; x_wconf 82' lang='lat' dir='ltr'><strong>lymphas,</strong></span> <span class='ocrx_word' id='word_1_95' title='bbox 859 1795 941 1860; x_wconf 88' lang='lat' dir='ltr'><strong>vaga</strong></span> <span class='ocrx_word' id='word_1_96' title='bbox 959 1772 1111 1856; x_wconf 82' lang='lat' dir='ltr'><strong>flumine,</strong></span> <span class='ocrx_word' id='word_1_97' title='bbox 1134 1783 1233 1857; x_wconf 79' lang='lat' dir='ltr'><strong>rehu,</strong></span> 
     </span>
    </p>

    <p class='ocr_par' dir='ltr' id='par_1_6' title="bbox 182 1863 1180 2070">
     <span class='ocr_line' id='line_1_16' title="bbox 182 1863 1180 1967; baseline -0.001 -24"><span class='ocrx_word' id='word_1_98' title='bbox 182 1863 185 1878; x_wconf 56' lang='lat'><strong>¹</strong></span> <span class='ocrx_word' id='word_1_99' title='bbox 334 1875 466 1962; x_wconf 74' lang='lat' dir='ltr'><strong>Flectite</strong></span> <span class='ocrx_word' id='word_1_100' title='bbox 487 1883 518 1942; x_wconf 85' lang='lat' dir='ltr'><strong>et</strong></span> <span class='ocrx_word' id='word_1_101' title='bbox 538 1874 681 1942; x_wconf 85' lang='lat' dir='ltr'><strong>adversis</strong></span> <span class='ocrx_word' id='word_1_102' title='bbox 702 1901 834 1943; x_wconf 86' lang='lat' dir='ltr'><strong>rursum</strong></span> <span class='ocrx_word' id='word_1_103' title='bbox 857 1877 1024 1944; x_wconf 84' lang='lat' dir='ltr'><strong>diffundite</strong></span> <span class='ocrx_word' id='word_1_104' title='bbox 1045 1876 1180 1967; x_wconf 80' lang='lat' dir='ltr'><strong>campis.</strong></span> 
     </span>
     <span class='ocr_line' id='line_1_17' title="bbox 338 1982 1117 2070; baseline 0 -24"><span class='ocrx_word' id='word_1_105' title='bbox 338 1982 506 2046; x_wconf 78' lang='lat' dir='ltr'><strong>incurrant</strong></span> <span class='ocrx_word' id='word_1_106' title='bbox 528 2002 638 2046; x_wconf 86' lang='lat' dir='ltr'><strong>amnes</strong></span> <span class='ocrx_word' id='word_1_107' title='bbox 659 1983 779 2070; x_wconf 86' lang='lat' dir='ltr'><strong>passim</strong></span> <span class='ocrx_word' id='word_1_108' title='bbox 799 1982 989 2049; x_wconf 78' lang='lat' dir='ltr'><strong>rimantibus</strong></span> <span class='ocrx_word' id='word_1_109' title='bbox 1010 1983 1117 2062; x_wconf 89' lang='lat' dir='ltr'><strong>undis,</strong></span> 
     </span>
    </p>

    <p class='ocr_par' dir='ltr' id='par_1_7' title="bbox 252 2086 1140 2175">
     <span class='ocr_line' id='line_1_18' title="bbox 252 2086 1140 2175; baseline 0.002 -23"><span class='ocrx_word' id='word_1_110' title='bbox 252 2097 296 2162; x_wconf 80' lang='lat'><strong>70</strong></span> <span class='ocrx_word' id='word_1_111' title='bbox 335 2086 409 2153; x_wconf 89' lang='lat' dir='ltr'><strong>Nec</strong></span> <span class='ocrx_word' id='word_1_112' title='bbox 421 2095 547 2148; x_wconf 88' lang='lat' dir='ltr'><strong>nostros</strong></span> <span class='ocrx_word' id='word_1_113' title='bbox 567 2086 696 2152; x_wconf 82' lang='lat' dir='ltr'><strong>servire</strong></span> <span class='ocrx_word' id='word_1_114' title='bbox 715 2086 822 2154; x_wconf 77' lang='lat' dir='ltr'><strong>amant</strong></span> <span class='ocrx_word' id='word_1_115' title='bbox 842 2087 1012 2154; x_wconf 86' lang='lat' dir='ltr'><strong>erronibus</strong></span> <span class='ocrx_word' id='word_1_116' title='bbox 1037 2109 1140 2175; x_wconf 83' lang='lat' dir='ltr'><strong>agros.</strong></span> 
     </span>
    </p>
   </div>
   <div class='ocr_carea' id='block_1_2' title="bbox 336 2186 1375 2278">
    <p class='ocr_par' dir='ltr' id='par_1_8' title="bbox 336 2186 1375 2278">
     <span class='ocr_line' id='line_1_19' title="bbox 336 2186 1375 2278; baseline 0.001 -21"><span class='ocrx_word' id='word_1_117' title='bbox 336 2188 471 2257; x_wconf 86' lang='lat' dir='ltr'><strong>Dulcius</strong></span> <span class='ocrx_word' id='word_1_118' title='bbox 492 2186 571 2271; x_wconf 90' lang='lat' dir='ltr'><strong>hoc,</strong></span> <span class='ocrx_word' id='word_1_119' title='bbox 595 2190 751 2275; x_wconf 88' lang='lat' dir='ltr'><strong>memini,</strong></span> <span class='ocrx_word' id='word_1_120' title='bbox 771 2192 946 2274; x_wconf 83' lang='lat' dir='ltr'><strong>revocasti,</strong></span> <span class='ocrx_word' id='word_1_121' title='bbox 968 2195 1110 2278; x_wconf 80' lang='lat' dir='ltr'><strong>Battara,</strong></span> <span class='ocrx_word' id='word_1_122' title='bbox 1139 2214 1282 2260; x_wconf 86' lang='lat' dir='ltr'><strong>carmen.</strong></span> <span class='ocrx_word' id='word_1_123' title='bbox 1373 2235 1375 2240; x_wconf 93' lang='lat'>-</span> 
     </span>
    </p>
   </div>
   <div class='ocr_carea' id='block_1_3' title="bbox 218 2292 1253 4386">
    <p class='ocr_par' dir='ltr' id='par_1_9' title="bbox 334 2292 1179 2597">
     <span class='ocr_line' id='line_1_20' title="bbox 336 2292 1018 2386; baseline 0.001 -25"><span class='ocrx_word' id='word_1_124' title='bbox 336 2296 500 2362; x_wconf 86' lang='lat' dir='ltr'><strong>Emanent</strong></span> <span class='ocrx_word' id='word_1_125' title='bbox 517 2292 621 2359; x_wconf 88' lang='lat' dir='ltr'><strong>subito</strong></span> <span class='ocrx_word' id='word_1_126' title='bbox 642 2292 724 2362; x_wconf 88' lang='lat' dir='ltr'><strong>sicca</strong></span> <span class='ocrx_word' id='word_1_127' title='bbox 743 2298 857 2364; x_wconf 86' lang='lat' dir='ltr'><strong>tellure</strong></span> <span class='ocrx_word' id='word_1_128' title='bbox 877 2297 1018 2386; x_wconf 85' lang='lat' dir='ltr'><strong>paludes,</strong></span> 
     </span>
     <span class='ocr_line' id='line_1_21' title="bbox 334 2397 1179 2492; baseline -0.001 -24"><span class='ocrx_word' id='word_1_129' title='bbox 334 2402 379 2468; x_wconf 87' lang='lat' dir='ltr'><strong>Et</strong></span> <span class='ocrx_word' id='word_1_130' title='bbox 393 2411 491 2465; x_wconf 88' lang='lat' dir='ltr'><strong>metat</strong></span> <span class='ocrx_word' id='word_1_131' title='bbox 509 2397 563 2464; x_wconf 92' lang='lat' dir='ltr'><strong>hic</strong></span> <span class='ocrx_word' id='word_1_132' title='bbox 582 2399 709 2485; x_wconf 90' lang='lat' dir='ltr'><strong>iuncos,</strong></span> <span class='ocrx_word' id='word_1_133' title='bbox 729 2402 832 2492; x_wconf 80' lang='lat' dir='ltr'><strong>spicas</strong></span> <span class='ocrx_word' id='word_1_134' title='bbox 853 2402 909 2469; x_wconf 92' lang='lat' dir='ltr'><strong>ubi</strong></span> <span class='ocrx_word' id='word_1_135' title='bbox 928 2403 1064 2490; x_wconf 86' lang='lat' dir='ltr'><strong>legimus</strong></span> <span class='ocrx_word' id='word_1_136' title='bbox 1085 2401 1179 2487; x_wconf 89' lang='lat' dir='ltr'><strong>olim,</strong></span> 
     </span>
     <span class='ocr_line' id='line_1_22' title="bbox 338 2506 1084 2597; baseline -0.001 -24"><span class='ocrx_word' id='word_1_137' title='bbox 338 2506 480 2595; x_wconf 87' lang='lat' dir='ltr'><strong>Occupet</strong></span> <span class='ocrx_word' id='word_1_138' title='bbox 501 2507 603 2593; x_wconf 83' lang='lat' dir='ltr'><strong>arguti</strong></span> <span class='ocrx_word' id='word_1_139' title='bbox 623 2507 727 2597; x_wconf 81' lang='lat' dir='ltr'><strong>grylli</strong></span> <span class='ocrx_word' id='word_1_140' title='bbox 748 2530 827 2574; x_wconf 87' lang='lat' dir='ltr'><strong>cava</strong></span> <span class='ocrx_word' id='word_1_141' title='bbox 847 2508 974 2595; x_wconf 86' lang='lat' dir='ltr'><strong>garrula</strong></span> <span class='ocrx_word' id='word_1_142' title='bbox 996 2529 1084 2572; x_wconf 82' lang='lat' dir='ltr'><strong>rana.</strong></span> 
     </span>
    </p>

    <p class='ocr_par' dir='ltr' id='par_1_10' title="bbox 253 2611 1188 2914">
     <span class='ocr_line' id='line_1_23' title="bbox 253 2611 1188 2688; baseline 0 -10"><span class='ocrx_word' id='word_1_143' title='bbox 253 2621 299 2688; x_wconf 78' lang='grc'><strong>75</strong></span> <span class='ocrx_word' id='word_1_144' title='bbox 339 2611 478 2678; x_wconf 81' lang='lat' dir='ltr'><strong>Tristius</strong></span> <span class='ocrx_word' id='word_1_145' title='bbox 498 2612 562 2678; x_wconf 89' lang='lat' dir='ltr'><strong>hcc</strong></span> <span class='ocrx_word' id='word_1_146' title='bbox 580 2637 712 2682; x_wconf 88' lang='lat' dir='ltr'><strong>rursum</strong></span> <span class='ocrx_word' id='word_1_147' title='bbox 732 2613 810 2680; x_wconf 89' lang='lat' dir='ltr'><strong>dicit</strong></span> <span class='ocrx_word' id='word_1_148' title='bbox 829 2635 902 2678; x_wconf 90' lang='lat' dir='ltr'><strong>mea</strong></span> <span class='ocrx_word' id='word_1_149' title='bbox 922 2611 1026 2679; x_wconf 85' lang='lat' dir='ltr'><strong>fistula</strong></span> <span class='ocrx_word' id='word_1_150' title='bbox 1047 2635 1188 2678; x_wconf 84' lang='lat' dir='ltr'><strong>carmen.</strong></span> 
     </span>
     <span class='ocr_line' id='line_1_24' title="bbox 338 2715 1160 2807; baseline 0 -23"><span class='ocrx_word' id='word_1_151' title='bbox 338 2715 548 2807; x_wconf 89' lang='lat' dir='ltr'><strong>Praecipitent</strong></span> <span class='ocrx_word' id='word_1_152' title='bbox 568 2720 637 2788; x_wconf 87' lang='lat' dir='ltr'><strong>altis</strong></span> <span class='ocrx_word' id='word_1_153' title='bbox 658 2720 817 2787; x_wconf 82' lang='lat' dir='ltr'><strong>firmantes</strong></span> <span class='ocrx_word' id='word_1_154' title='bbox 837 2717 1001 2785; x_wconf 82' lang='lat' dir='ltr'><strong>montibus</strong></span> <span class='ocrx_word' id='word_1_155' title='bbox 1026 2717 1160 2801; x_wconf 87' lang='lat' dir='ltr'><strong>imbres,</strong></span> 
     </span>
     <span class='ocr_line' id='line_1_25' title="bbox 337 2823 1039 2914; baseline -0.001 -24"><span class='ocrx_word' id='word_1_156' title='bbox 337 2823 381 2890; x_wconf 91' lang='lat' dir='ltr'><strong>Et</strong></span> <span class='ocrx_word' id='word_1_157' title='bbox 392 2823 453 2888; x_wconf 87' lang='lat' dir='ltr'><strong>late</strong></span> <span class='ocrx_word' id='word_1_158' title='bbox 471 2835 596 2892; x_wconf 88' lang='lat' dir='ltr'><strong>teneant</strong></span> <span class='ocrx_word' id='word_1_159' title='bbox 616 2825 732 2892; x_wconf 84' lang='lat' dir='ltr'><strong>diffuso</strong></span> <span class='ocrx_word' id='word_1_160' title='bbox 753 2824 877 2912; x_wconf 88' lang='lat' dir='ltr'><strong>gurgite</strong></span> <span class='ocrx_word' id='word_1_161' title='bbox 898 2845 1039 2914; x_wconf 79' lang='lat' dir='ltr'><strong>campos,</strong></span> 
     </span>
    </p>

    <p class='ocr_par' dir='ltr' id='par_1_11' title="bbox 264 2927 1229 3018">
     <span class='ocr_line' id='line_1_26' title="bbox 264 2927 1229 3018; baseline -0.001 -24"><span class='ocrx_word' id='word_1_162' title='bbox 264 2961 267 2974; x_wconf 73' lang='lat'>=</span> <span class='ocrx_word' id='word_1_163' title='bbox 338 2927 439 3015; x_wconf 87' lang='lat' dir='ltr'><strong>Queis</strong></span> <span class='ocrx_word' id='word_1_164' title='bbox 460 2929 586 2997; x_wconf 89' lang='lat' dir='ltr'><strong>domini</strong></span> <span class='ocrx_word' id='word_1_165' title='bbox 606 2930 715 2998; x_wconf 87' lang='lat' dir='ltr'><strong>infesti</strong></span> <span class='ocrx_word' id='word_1_166' title='bbox 734 2929 888 2996; x_wconf 89' lang='lat' dir='ltr'><strong>mirantes</strong></span> <span class='ocrx_word' id='word_1_167' title='bbox 909 2941 1018 3018; x_wconf 85' lang='lat' dir='ltr'><strong>stagna</strong></span> <span class='ocrx_word' id='word_1_168' title='bbox 1037 2928 1229 3016; x_wconf 85' lang='lat' dir='ltr'><strong>relinquant,</strong></span> 
     </span>
    </p>

    <p class='ocr_par' dir='ltr' id='par_1_12' title="bbox 218 3035 1196 3758">
     <span class='ocr_line' id='line_1_27' title="bbox 336 3035 1128 3126; baseline -0.004 -22"><span class='ocrx_word' id='word_1_169' title='bbox 336 3035 435 3104; x_wconf 89' lang='lat' dir='ltr'><strong>Unde</strong></span> <span class='ocrx_word' id='word_1_170' title='bbox 454 3037 578 3126; x_wconf 86' lang='lat' dir='ltr'><strong>relapsa</strong></span> <span class='ocrx_word' id='word_1_171' title='bbox 598 3059 688 3104; x_wconf 89' lang='lat' dir='ltr'><strong>meos</strong></span> <span class='ocrx_word' id='word_1_172' title='bbox 710 3059 803 3124; x_wconf 87' lang='lat' dir='ltr'><strong>agros</strong></span> <span class='ocrx_word' id='word_1_173' title='bbox 824 3035 1013 3126; x_wconf 85' lang='lat' dir='ltr'><strong>pervenerit</strong></span> <span class='ocrx_word' id='word_1_174' title='bbox 1032 3035 1128 3102; x_wconf 83' lang='lat' dir='ltr'><strong>unda.</strong></span> 
     </span>
     <span class='ocr_line' id='line_1_28' title="bbox 251 3131 1093 3226; baseline 0.002 -18"><span class='ocrx_word' id='word_1_175' title='bbox 251 3151 297 3216; x_wconf 80' lang='lat'><strong>80</strong></span> <span class='ocrx_word' id='word_1_176' title='bbox 338 3142 480 3208; x_wconf 89' lang='lat' dir='ltr'><strong>Piscetur</strong></span> <span class='ocrx_word' id='word_1_177' title='bbox 499 3131 621 3207; x_wconf 87' lang='lat' dir='ltr'><strong>nostris</strong></span> <span class='ocrx_word' id='word_1_178' title='bbox 636 3141 673 3209; x_wconf 91' lang='lat' dir='ltr'><strong>in</strong></span> <span class='ocrx_word' id='word_1_179' title='bbox 693 3142 810 3210; x_wconf 88' lang='lat' dir='ltr'><strong>linibus</strong></span> <span class='ocrx_word' id='word_1_180' title='bbox 832 3142 958 3210; x_wconf 87' lang='lat' dir='ltr'><strong>advena</strong></span> <span class='ocrx_word' id='word_1_181' title='bbox 977 3154 1093 3226; x_wconf 89' lang='lat' dir='ltr'><strong>arator,</strong></span> 
     </span>
     <span class='ocr_line' id='line_1_29' title="bbox 218 3243 1130 3338; baseline -0.001 -25"><span class='ocrx_word' id='word_1_182' title='bbox 218 3307 239 3325; x_wconf 62' lang='grc'><strong>,,</strong></span> <span class='ocrx_word' id='word_1_183' title='bbox 338 3243 493 3329; x_wconf 79' lang='lat' dir='ltr'><strong>Aduena,</strong></span> <span class='ocrx_word' id='word_1_184' title='bbox 518 3246 611 3313; x_wconf 81' lang='lat' dir='ltr'><strong>civili</strong></span> <span class='ocrx_word' id='word_1_185' title='bbox 631 3249 686 3334; x_wconf 91' lang='lat' dir='ltr'><strong>qui</strong></span> <span class='ocrx_word' id='word_1_186' title='bbox 706 3271 836 3338; x_wconf 84' lang='lat' dir='ltr'><strong>semper</strong></span> <span class='ocrx_word' id='word_1_187' title='bbox 856 3248 995 3314; x_wconf 87' lang='lat' dir='ltr'><strong>crimine</strong></span> <span class='ocrx_word' id='word_1_188' title='bbox 1015 3248 1130 3313; x_wconf 85' lang='lat' dir='ltr'><strong>crevit.</strong></span> 
     </span>
     <span class='ocr_line' id='line_1_30' title="bbox 337 3350 1099 3443; baseline -0.005 -26"><span class='ocrx_word' id='word_1_189' title='bbox 337 3350 369 3417; x_wconf 94' lang='grc' dir='ltr'>Ο</span> <span class='ocrx_word' id='word_1_190' title='bbox 391 3351 477 3415; x_wconf 83' lang='lat' dir='ltr'><strong>male</strong></span> <span class='ocrx_word' id='word_1_191' title='bbox 498 3352 609 3419; x_wconf 82' lang='lat' dir='ltr'><strong>devoti</strong></span> <span class='ocrx_word' id='word_1_192' title='bbox 629 3365 817 3443; x_wconf 88' lang='lat' dir='ltr'><strong>praetorum</strong></span> <span class='ocrx_word' id='word_1_193' title='bbox 838 3351 976 3416; x_wconf 87' lang='lat' dir='ltr'><strong>crimine</strong></span> <span class='ocrx_word' id='word_1_194' title='bbox 994 3350 1099 3436; x_wconf 88' lang='lat' dir='ltr'><strong>agelli,</strong></span> 
     </span>
     <span class='ocr_line' id='line_1_31' title="bbox 337 3451 1126 3546; baseline -0.003 -27"><span class='ocrx_word' id='word_1_195' title='bbox 337 3455 453 3544; x_wconf 88' lang='lat' dir='ltr'><strong>Tuque</strong></span> <span class='ocrx_word' id='word_1_196' title='bbox 476 3457 610 3526; x_wconf 89' lang='lat' dir='ltr'><strong>inimica</strong></span> <span class='ocrx_word' id='word_1_197' title='bbox 630 3459 677 3526; x_wconf 90' lang='lat' dir='ltr'><strong>tui</strong></span> <span class='ocrx_word' id='word_1_198' title='bbox 696 3480 825 3546; x_wconf 87' lang='lat' dir='ltr'><strong>semper</strong></span> <span class='ocrx_word' id='word_1_199' title='bbox 846 3451 1005 3520; x_wconf 88' lang='lat' dir='ltr'><strong>discordia</strong></span> <span class='ocrx_word' id='word_1_200' title='bbox 1028 3451 1126 3517; x_wconf 78' lang='lat' dir='ltr'><strong>civis!</strong></span> 
     </span>
     <span class='ocr_line' id='line_1_32' title="bbox 336 3555 1196 3652; baseline -0.006 -26"><span class='ocrx_word' id='word_1_201' title='bbox 336 3561 440 3627; x_wconf 84' lang='lat' dir='ltr'><strong>Exsul</strong></span> <span class='ocrx_word' id='word_1_202' title='bbox 460 3587 519 3652; x_wconf 89' lang='lat' dir='ltr'><strong>ego</strong></span> <span class='ocrx_word' id='word_1_203' title='bbox 539 3565 741 3631; x_wconf 87' lang='lat' dir='ltr'><strong>indemnatus</strong></span> <span class='ocrx_word' id='word_1_204' title='bbox 762 3583 855 3650; x_wconf 88' lang='lat' dir='ltr'><strong>egens</strong></span> <span class='ocrx_word' id='word_1_205' title='bbox 877 3580 951 3625; x_wconf 90' lang='lat' dir='ltr'><strong>mea</strong></span> <span class='ocrx_word' id='word_1_206' title='bbox 969 3579 1047 3623; x_wconf 89' lang='lat' dir='ltr'><strong>rura</strong></span> <span class='ocrx_word' id='word_1_207' title='bbox 1070 3555 1196 3643; x_wconf 89' lang='lat' dir='ltr'><strong>reliqui,</strong></span> 
     </span>
     <span class='ocr_line' id='line_1_33' title="bbox 252 3666 1056 3758; baseline -0.002 -24"><span class='ocrx_word' id='word_1_208' title='bbox 252 3673 297 3741; x_wconf 82' lang='grc'><strong>85</strong></span> <span class='ocrx_word' id='word_1_209' title='bbox 337 3666 435 3734; x_wconf 87' lang='lat' dir='ltr'><strong>Miles</strong></span> <span class='ocrx_word' id='word_1_210' title='bbox 456 3681 491 3734; x_wconf 90' lang='lat' dir='ltr'><strong>ut</strong></span> <span class='ocrx_word' id='word_1_211' title='bbox 511 3669 644 3758; x_wconf 85' lang='lat' dir='ltr'><strong>accipiat</strong></span> <span class='ocrx_word' id='word_1_212' title='bbox 663 3666 778 3734; x_wconf 86' lang='lat' dir='ltr'><strong>funesti</strong></span> <span class='ocrx_word' id='word_1_213' title='bbox 798 3666 943 3756; x_wconf 89' lang='lat' dir='ltr'><strong>praemia</strong></span> <span class='ocrx_word' id='word_1_214' title='bbox 963 3666 1056 3732; x_wconf 77' lang='lat' dir='ltr'><strong>belli!</strong></span> 
     </span>
    </p>

    <p class='ocr_par' dir='ltr' id='par_1_13' title="bbox 276 3769 1253 4176">
     <span class='ocr_line' id='line_1_34' title="bbox 276 3769 1253 3860; baseline -0.003 -22"><span class='ocrx_word' id='word_1_215' title='bbox 276 3831 283 3856; x_wconf 79' lang='lat'><strong>,</strong></span> <span class='ocrx_word' id='word_1_216' title='bbox 338 3771 427 3838; x_wconf 90' lang='lat' dir='ltr'><strong>Hinc</strong></span> <span class='ocrx_word' id='word_1_217' title='bbox 447 3795 506 3860; x_wconf 90' lang='lat' dir='ltr'><strong>ego</strong></span> <span class='ocrx_word' id='word_1_218' title='bbox 527 3772 568 3838; x_wconf 89' lang='lat' dir='ltr'><strong>de</strong></span> <span class='ocrx_word' id='word_1_219' title='bbox 588 3774 712 3839; x_wconf 90' lang='lat' dir='ltr'><strong>tumulo</strong></span> <span class='ocrx_word' id='word_1_220' title='bbox 734 3796 807 3839; x_wconf 85' lang='lat' dir='ltr'><strong>mea</strong></span> <span class='ocrx_word' id='word_1_221' title='bbox 827 3795 903 3838; x_wconf 87' lang='lat' dir='ltr'><strong>rura</strong></span> <span class='ocrx_word' id='word_1_222' title='bbox 923 3772 1104 3838; x_wconf 86' lang='lat' dir='ltr'><strong>novissima</strong></span> <span class='ocrx_word' id='word_1_223' title='bbox 1123 3769 1253 3837; x_wconf 74' lang='lat' dir='ltr'><strong>visam?</strong></span> 
     </span>
     <span class='ocr_line' id='line_1_35' title="bbox 338 3877 1241 3958; baseline -0.004 -13"><span class='ocrx_word' id='word_1_224' title='bbox 338 3879 427 3945; x_wconf 89' lang='lat' dir='ltr'><strong>Hinc</strong></span> <span class='ocrx_word' id='word_1_225' title='bbox 447 3878 502 3945; x_wconf 92' lang='lat' dir='ltr'><strong>ibo</strong></span> <span class='ocrx_word' id='word_1_226' title='bbox 520 3878 556 3944; x_wconf 92' lang='lat' dir='ltr'><strong>in</strong></span> <span class='ocrx_word' id='word_1_227' title='bbox 575 3879 695 3948; x_wconf 73' lang='lat' dir='ltr'><strong>silias?</strong></span> <span class='ocrx_word' id='word_1_228' title='bbox 738 3877 917 3946; x_wconf 84' lang='lat' dir='ltr'><strong>Obstnbunt</strong></span> <span class='ocrx_word' id='word_1_229' title='bbox 935 3877 1002 3944; x_wconf 84' lang='lat' dir='ltr'><strong>iarn</strong></span> <span class='ocrx_word' id='word_1_230' title='bbox 1026 3877 1110 3942; x_wconf 89' lang='lat' dir='ltr'><strong>mihi</strong></span> <span class='ocrx_word' id='word_1_231' title='bbox 1135 3877 1241 3958; x_wconf 85' lang='lat' dir='ltr'><strong>colles,</strong></span> 
     </span>
     <span class='ocr_line' id='line_1_36' title="bbox 340 3981 1158 4071; baseline -0.007 -21"><span class='ocrx_word' id='word_1_232' title='bbox 340 3984 518 4050; x_wconf 86' lang='lat' dir='ltr'><strong>Obstebunt</strong></span> <span class='ocrx_word' id='word_1_233' title='bbox 538 3997 681 4067; x_wconf 85' lang='lat' dir='ltr'><strong>montes,</strong></span> <span class='ocrx_word' id='word_1_234' title='bbox 704 3981 826 4071; x_wconf 89' lang='lat' dir='ltr'><strong>campis</strong></span> <span class='ocrx_word' id='word_1_235' title='bbox 846 4005 907 4049; x_wconf 90' lang='lat' dir='ltr'><strong>nec</strong></span> <span class='ocrx_word' id='word_1_236' title='bbox 927 3984 1015 4050; x_wconf 89' lang='lat' dir='ltr'><strong>abire</strong></span> <span class='ocrx_word' id='word_1_237' title='bbox 1038 3982 1158 4052; x_wconf 86' lang='lat' dir='ltr'><strong>licebit.</strong></span> 
     </span>
     <span class='ocr_line' id='line_1_37' title="bbox 337 4087 1140 4176; baseline -0.004 -22"><span class='ocrx_word' id='word_1_238' title='bbox 337 4088 454 4154; x_wconf 91' lang='lat' dir='ltr'><strong>Dulcia</strong></span> <span class='ocrx_word' id='word_1_239' title='bbox 474 4110 550 4154; x_wconf 85' lang='lat' dir='ltr'><strong>rura</strong></span> <span class='ocrx_word' id='word_1_240' title='bbox 570 4089 691 4171; x_wconf 85' lang='lat' dir='ltr'><strong>valete,</strong></span> <span class='ocrx_word' id='word_1_241' title='bbox 713 4099 745 4154; x_wconf 88' lang='lat' dir='ltr'><strong>ct</strong></span> <span class='ocrx_word' id='word_1_242' title='bbox 764 4088 893 4176; x_wconf 87' lang='lat' dir='ltr'><strong>Lydia,</strong></span> <span class='ocrx_word' id='word_1_243' title='bbox 918 4087 1043 4155; x_wconf 90' lang='lat' dir='ltr'><strong>dulcior</strong></span> <span class='ocrx_word' id='word_1_244' title='bbox 1063 4087 1140 4168; x_wconf 88' lang='lat' dir='ltr'><strong>illis,</strong></span> 
     </span>
    </p>

    <p class='ocr_par' dir='ltr' id='par_1_14' title="bbox 253 4190 1215 4386">
     <span class='ocr_line' id='line_1_38' title="bbox 253 4190 1061 4282; baseline -0.009 -16"><span class='ocrx_word' id='word_1_245' title='bbox 253 4209 296 4274; x_wconf 85' lang='grc'><strong>90</strong></span> <span class='ocrx_word' id='word_1_246' title='bbox 336 4195 379 4260; x_wconf 85' lang='lat' dir='ltr'><strong>Et</strong></span> <span class='ocrx_word' id='word_1_247' title='bbox 399 4192 475 4260; x_wconf 87' lang='lat' dir='ltr'><strong>casti</strong></span> <span class='ocrx_word' id='word_1_248' title='bbox 494 4190 597 4258; x_wconf 83' lang='lat' dir='ltr'><strong>sontes</strong></span> <span class='ocrx_word' id='word_1_249' title='bbox 619 4206 667 4272; x_wconf 90' lang='lat' dir='ltr'><strong>et,</strong></span> <span class='ocrx_word' id='word_1_250' title='bbox 688 4191 770 4261; x_wconf 81' lang='lat' dir='ltr'><strong>felix</strong></span> <span class='ocrx_word' id='word_1_251' title='bbox 789 4219 928 4280; x_wconf 91' lang='lat' dir='ltr'><strong>nomen,</strong></span> <span class='ocrx_word' id='word_1_252' title='bbox 951 4193 1061 4282; x_wconf 79' lang='lat' dir='ltr'><strong>agellii</strong></span> 
     </span>
     <span class='ocr_line' id='line_1_39' title="bbox 337 4291 1215 4386; baseline -0.003 -20"><span class='ocrx_word' id='word_1_253' title='bbox 337 4299 478 4370; x_wconf 84' lang='lat' dir='ltr'><strong>Tardius</strong></span> <span class='ocrx_word' id='word_1_254' title='bbox 498 4297 556 4366; x_wconf 82' lang='lat' dir='ltr'><strong>ahl</strong></span> <span class='ocrx_word' id='word_1_255' title='bbox 580 4291 717 4364; x_wconf 76' lang='lat' dir='ltr'><strong>miserae</strong></span> <span class='ocrx_word' id='word_1_256' title='bbox 738 4300 916 4368; x_wconf 90' lang='lat' dir='ltr'><strong>descendite</strong></span> <span class='ocrx_word' id='word_1_257' title='bbox 936 4310 1047 4365; x_wconf 89' lang='lat' dir='ltr'><strong>monte</strong></span> <span class='ocrx_word' id='word_1_258' title='bbox 1067 4298 1215 4386; x_wconf 87' lang='lat' dir='ltr'><strong>capellae,</strong></span> 
     </span>
    </p>
   </div>
   <div class='ocr_carea' id='block_1_4' title="bbox 0 0 1500 4826">
    <p class='ocr_par' dir='ltr' id='par_1_15' title="bbox 0 0 1500 4826">
     <span class='ocr_line' id='line_1_40' title="bbox 0 0 1500 4826; baseline 0 0"><span class='ocrx_word' id='word_1_259' title='bbox 0 0 1500 4826; x_wconf 95' lang='lat' dir='ltr'><strong> </strong></span> 
     </span>
    </p>
   </div>
  </div>
 </body>
</html>
