3000 4820
620 195 623 200 ’
694 200 898 318 ns..

203 406 208 414 ’
282 405 341 473 An
361 406 462 494 magis
484 404 666 490 eloquium,
688 425 822 468 morum
844 401 1165 491 vinsqaenepornn,

280 515 325 579 Et
346 512 421 597 (nisi
441 511 477 577 in
498 509 626 592 officiis,
647 509 791 596 quotiens
812 508 874 573 tibi.
890 506 1017 597 publicu
1036 510 1143 590 cuiue)

237 632 260 693 5
281 619 378 701 Quod
400 618 504 684 vitam
524 615 670 682 innocuis
690 614 820 680 tenuisti
839 616 936 678 laetus
957 613 994 680 in
1011 615 1124 681 arvis?

281 725 420 791 Nullum
440 719 523 794 ultra
545 734 598 788 est·
610 719 742 807 virtutis
760 741 854 808 opust
875 739 972 804 uam,
992 719 1022 786 si
1041 731 1138 806 esset,
1165 717 1309 791 haberes.
1390 778 1391 782 ,

741 864 838 940 u74.

728 975 866 1043 Sedulii

388 1084 546 1154 epigramma
561 1083 595 1136 de
612 1081 700 1134 tabula
726 1082 798 1133 orbis
815 1091 942 1135 terrarum
963 1081 1037 1135 iussu
1053 1081 1204 1136 Theodosii

647 1171 759 1226 iunioris
782 1172 849 1239 Imp.
866 1177 941 1228 facta.

301 1275 379 1340 Hoc
399 1295 479 1362 opus
500 1271 664 1358 egregium
670 1319 681 1352 ,
703 1292 765 1356 quo
787 1271 903 1336 mundi
923 1293 1052 1338 summu
1071 1282 1222 1354 tenetun,
1276 1283 1286 1338 Γ

301 1377 454 1464 Aequora
476 1388 557 1464 qu'o,
578 1387 723 1459 montes,
744 1373 857 1458 fluvii,
876 1375 975 1459 freta,
999 1389 1107 1465 portus
1130 1389 1164 1442 et
1185 1376 1279 1446 urbes

304 1483 491 1568 Signantur,
520 1481 638 1546 cunum
659 1493 694 1546 ut
714 1480 755 1545 sit
775 1503 967 1566 cognoscere
987 1495 1189 1570 promptum,

303 1587 470 1674 Quidquid
490 1587 608 1673 ubique
628 1589 718 1668 latet,
740 1585 880 1652 clemens
901 1609 1018 1673 genus,
1046 1587 1154 1654 inclita
1171 1589 1289 1676 proles,

236 1707 259 1769 5
302 1693 356 1761 Ac
377 1717 435 1782 per
454 1694 555 1776 secla,
575 1691 664 1776 pius,
683 1702 768 1757 totus
789 1677 887 1778 quem
908 1692 968 1758 vix
989 1695 1072 1783 capit
1091 1693 1190 1777 orbis,
1277 1743 1280 1751 .

301 1797 505 1863 Theodosius
526 1797 677 1887 princeps
702 1798 887 1863 venerando
908 1798 1000 1864 iussit
1021 1801 1137 1865 abore

302 1903 445 1988 confici,
466 1917 516 1970 ter
537 1903 643 1991 quinis
665 1904 767 1991 aperit
788 1925 863 1968 cum
881 1902 1014 1970 fastibus
1037 1891 1168 1970 annum.

302 2009 468 2098 Supplices
487 2009 554 2072 boc
571 2008 704 2091 famuli,
729 2010 809 2074 dum
828 2009 940 2077 scribit
959 2011 1063 2100 pingit
1084 2024 1115 2076 et
1133 2012 1222 2096 alter,

299 2113 466 2180 Mensibus
489 2112 631 2196 exiguis,
660 2124 809 2177 veterum
831 2130 1042 2182 monumenta
1061 2117 1170 2200 secuti,

238 2232 282 2293 10
303 2220 342 2283 ln
363 2219 479 2282 melius
500 2237 688 2304 reparamus
710 2239 789 2305 opus
812 2219 1004 2306 culpamque
1022 2221 1171 2308 priorem

303 2324 467 2388 Tollimus
490 2345 527 2387 ac
550 2334 654 2386 totum
674 2319 821 2387 breviter
839 2324 1102 2414 comprendimus
1124 2323 1260 2390 orbem:

304 2431 369 2496 Sed
390 2427 511 2496 tamen
523 2427 589 2492 boc
606 2437 661 2490 tua
681 2446 741 2491 nos
763 2424 870 2490 docuit
890 2425 1060 2514 sapientia,
1086 2429 1248 2519 princeps.

749 2553 834 2629 275.

691 2663 898 2753 Augustini.

473 2773 622 2842 (Hipponae
644 2773 673 2826 in
689 2789 778 2824 mensa
795 2770 845 2821 hos
861 2787 952 2822 versus
967 2769 1118 2838 inscripsit)

367 2872 519 2960 Quisquis
541 2884 626 2937 amat
648 2871 738 2936 dictis
761 2869 929 2934 absentum
950 2870 1066 2936 rodere
1095 2873 1205 2958 vitem,

400 2981 497 3046 Hanc
516 2999 665 3044 mensam
687 2975 821 3042 vetitam
840 2974 974 3040 noverit
993 2999 1060 3044 csse
1075 2976 1147 3043 sibi.

754 3099 839 3176 276.

678 3213 918 3302 Augustinus.

365 3327 473 3394 Roma
494 3331 605 3396 labore
626 3331 709 3418 vigil
730 3328 827 3415 fregit
848 3325 1050 3412 Carthaginis
1071 3349 1175 3393 arcese

401 3434 534 3500 Desidia
555 3436 677 3502 interiit
699 3438 807 3503 Roma
827 3431 963 3498 subinde
983 3432 1057 3497 cito.
1168 3513 1170 3517 ι

611 3689 703 3780 Rufi
731 3691 829 3758 Festi
849 3692 987 3761 Avieni!

655 3799 689 3850 ds
708 3808 784 3850 cantu
805 3798 938 3850 Sirenum.

323 3894 449 3962 Sirenes
462 3897 571 3964 varios
594 3909 711 3980 cantus,
737 3895 895 3963 Acheloia
917 3897 1028 3982 proles

364 4003 407 4066 Et
427 4004 538 4068 solitae
558 4005 662 4069 miros
683 4027 740 4068 ore
762 4002 847 4068 ciere
868 4003 996 4067 modos.

321 4109 458 4172 Illarum
479 4131 591 4192 voces,
616 4110 747 4175 illarum
769 4109 864 4174 Musa
886 4107 1038 4173 movebat

365 4212 507 4294 Omnia,
530 4235 609 4299 quse
629 4216 793 4301 thymele,
816 4213 980 4294 carmina,
1004 4209 1104 4275 dulcis
1126 4208 1229 4293 habet,

238 4330 259 4392 5
302 4398 305 4404 Ι
323 4318 421 4405 Quod
440 4319 525 4406 tuba,
546 4318 632 4406 quod
652 4320 732 4404 tini,
757 4321 843 4407 quod
864 4339 984 4386 wrnua
1004 4335 1100 4382 rauca
1121 4325 1306 4402 quemnun,
