2994 4828
595 201 796 310 „gu-

221 523 430 588 Litterarum
450 531 572 607 gestum
599 409 753 604 lpqiiiidi.
796 515 861 580 Res
882 515 950 603 ipsa
968 514 1145 582 medullam

265 627 384 712 Verbi,
405 647 502 713 quam
525 621 627 688 vivax
651 641 744 687 meus
765 618 870 706 videt,
891 621 974 686 intus
995 619 1099 686 habet.

642 773 740 861 854st

396 877 453 944 De
473 876 638 964 mgistri
666 869 745 942 ludi
763 872 992 962 negligentia.

220 998 371 1064 Indoctus
393 1007 539 1058 teneram
560 991 695 1081 suscepit
716 987 837 1054 calculo
860 989 989 1080 pubem,

267 1101 376 1188 Quam
402 1110 491 1187 cogat
510 1098 633 1188 primus
656 1096 778 1162 discere
798 1094 962 1163 litterulas.

222 1207 288 1292 sed·
307 1187 381 1274 cum
403 1204 573 1295 discipulos
595 1204 684 1271 nullo
705 1215 829 1266 terrore
850 1211 983 1283 coercet,

263 1308 306 1376 Et
326 1306 440 1376 ferulis
462 1311 568 1400 culpas
591 1303 703 1375 tollere
725 1316 821 1371 cessat
846 1305 952 1371 iners:

135 1426 158 1489 5
219 1414 376 1482 Proiectis
397 1413 489 1503 pueri
512 1411 628 1480 tabulis
650 1413 790 1480 Floralia
811 1409 936 1476 ludunt.
982 1446 985 1454 ·

260 1511 332 1587 lam
352 1542 475 1586 nomen
495 1520 564 1585 ludi
583 1520 645 1585 rite
664 1507 815 1604 magister
836 1514 941 1581 habet.

647 1665 733 1738 855.

545 1771 646 1840 Laus
671 1770 838 1858 Virgilii.

219 1888 313 1956 Alter
334 1891 503 1955 Homerus
525 1909 596 1968 ero,
623 1886 679 1951 vel
699 1885 815 1950 eodem
836 1885 943 1952 maior
963 1887 1123 1972 Homero,

264 1995 332 2059 Tot
352 1991 456 2060 clades
475 2013 616 2058 numero
636 1990 777 2056 scribere
796 1989 825 2056 si
844 2000 968 2077 potero.

651 2131 737 2210 8561

589 2225 647 2292 De
668 2227 794 2295 eodem.

219 2342 395 2432 Virgilium
416 2353 525 2409 vatem
545 2339 661 2406 melius
683 2365 738 2408 sua
759 2343 903 2408 carmina
924 2343 1063 2426 laudant,

216 2450 255 2514 In
275 2449 355 2515 freta
377 2450 455 2514 dum
476 2446 569 2513 fluvii
591 2460 733 2532 current,
763 2449 843 2514 dum
864 2447 1028 2513 montibus
1050 2447 1187 2514 umbrae

216 2555 411 2621 Lustrabunt
432 2577 597 2636 convexa,
619 2554 713 2644 polus
735 2555 813 2619 dum
836 2553 943 2619 sidera
963 2563 1078 2642 pascet.

217 2662 354 2748 Semper
371 2661 474 2726 honos
495 2681 679 2746 nomenque
699 2671 790 2724 tuum
811 2659 982 2746 laudesque
1002 2659 1188 2726 manebunt.

644 2815 730 2888 857·

629 2922 750 2988 Item.

217 3037 446 3126 Argumenta,
467 3036 576 3118 locos,
591 3047 708 3100 'versus
732 3045 900 3120 totumque
923 3057 1041 3125 poema

214 3144 370 3230 Virgilius
391 3141 499 3233 rapuit
520 3138 623 3206 Graio
644 3139 811 3206 Romanus
832 3142 992 3219 Homero,
1072 3223 1075 3230 Ι

216 3248 408 3336 Aeneasque
426 3249 536 3313 locum
556 3243 666 3332 magni
678 3273 679 3276 ¹
690 3243 752 3310 sibi
769 3245 883 3312 sumsit
903 3246 1025 3313 Ulixis.

217 3356 438 3442 Carthagoque
457 3351 518 3418 fuit
538 3349 635 3439 captis
656 3348 811 3416 Phaeacia
830 3349 935 3418 terris.

131 3471 152 3534 5
216 3460 374 3525 Barbarus
397 3458 555 3524 interimit
575 3457 717 3522 Pallanta
734 3454 787 3520 hic
809 3455 960 3537 Turnus,
981 3469 1010 3523 at
1031 3457 1099 3524 illic

142 3585 146 3590 ’
214 3564 281 3629 Dat
300 3565 363 3630 leto
383 3564 543 3650 insignem
563 3561 748 3628 Patroclum
770 3562 932 3628 maximus
954 3561 1088 3630 Hector.
1106 3641 1112 3648 Ι

216 3666 263 3734 At
286 3667 438 3734 Turnum
460 3671 587 3734 Aeneas
609 3667 736 3756 Stygias
758 3667 844 3734 dedit
864 3668 912 3734 ire
932 3668 990 3734 sub
1013 3670 1152 3746 umbras.

213 3776 352 3841 Hectora
372 3773 617 3859 magnanimum
637 3777 700 3843 leto
724 3775 775 3840 dat
796 3796 929 3859 magnus
946 3772 1109 3856 Achilles.

216 3877 322 3964 Iurgia
344 3878 481 3944 Drancis
502 3881 592 3946 enim
614 3895 644 3949 et
663 3881 784 3962 Turni,
814 3880 853 3944 lis
876 3881 931 3944 illa
954 3881 1090 3949 molesta

107 4005 109 4013 ¹
131 3997 172 4056 10
212 3983 341 4049 Pelidae
362 3986 473 4072 magni
494 3999 525 4052 et
543 3985 604 4053 late
625 3987 786 4074 regnantis
809 3983 955 4052 Atridae.

198 4089 344 4175 'Singula
364 4089 517 4155 ludorum
538 4087 642 4179 posuit
663 4090 837 4156 certamina
857 4105 996 4180 uterque,
1016 4149 1019 4156 .
1087 4161 1090 4166 ,

213 4197 285 4262 Nee
305 4195 441 4262 mutavit
463 4195 552 4260 enim
576 4192 768 4282 quidquam,
795 4195 858 4262 nisi
880 4196 964 4266 sorte
984 4199 1084 4286 quod,
1112 4201 1201 4286 alter,

213 4301 371 4385 Quatmor
394 4301 430 4368 in
453 4325 562 4370 currus
582 4299 701 4390 pandas
724 4301 775 4368 dat
794 4301 843 4368 ire
864 4302 997 4370 carinas.
