2992 4826
583 261 788 364 *ἐμ

480 565 634 635 Neronis
662 567 884 656 Imperatoris

502 673 546 741 (ex
556 673 627 724 libro
639 673 726 740 primo
733 671 871 740 Troioon.)

152 849 156 882 ἲ
255 772 382 860 Quique
401 784 599 861 pererratam
620 771 788 836 subductus
810 771 940 838 Persida
961 772 1074 860 TIgris

255 877 397 961 Deserit,
419 889 449 941 et
466 876 566 962 longo
586 888 745 942 terrorum
765 887 880 942 tractre
900 877 986 942 hiatu

252 981 371 1047 Reddit
390 979 542 1068 quaesitas
563 979 630 1046 iam
650 981 959 1068 non'queereutibus
979 983 1091 1052 undas.

409 1246 414 1256 ’
483 1237 524 1304 Τ.
543 1235 704 1326 Petronii
732 1232 881 1302 Arbitri.

190 1350 329 1418 Parvula
349 1374 461 1418 securo
481 1351 597 1440 tegitur
615 1349 701 1416 mibi
720 1351 861 1418 eulmine
881 1353 971 1419 sedes

189 1449 328 1542 Uvaqiue
346 1459 441 1548 plena
460 1482 553 1525 mero
575 1451 710 1528 fficunda
729 1458 848 1544 pendet
870 1457 910 1524 ab
928 1460 1037 1526 ulmo:

186 1559 275 1627 Dant
295 1563 379 1630 rami
401 1586 540 1649 cerasos,
571 1562 647 1649 dant
666 1561 753 1626 mala
772 1562 918 1630 rubentia
937 1564 1050 1654 silvae,

187 1666 428 1757 Palladiumque
443 1691 556 1734 nemus
576 1666 688 1755 pingui
707 1689 743 1730 se
762 1667 883 1734 vertice
900 1667 1030 1752 frangit.

122 1781 146 1846 5
188 1772 257 1838 Iam
280 1797 345 1862 qua
361 1775 506 1841 diductos
527 1783 615 1861 petat
634 1771 716 1836 levis
735 1795 808 1839 area
827 1770 943 1852 sontes,

188 1879 368 1965 Corycium
389 1878 472 1944 mihi
492 1877 593 1962 surgit
613 1875 682 1938 olus
703 1875 895 1961 maluaeque
918 1873 1050 1962 supinus

185 1983 230 2048 Et
249 2007 316 2048 non
336 1982 490 2049 sollicites
512 1981 650 2045 missura
668 1999 827 2066 papavera
847 1985 989 2044 somnos.

188 2086 224 2153 Si
244 2108 326 2152 vero
348 2086 473 2152 alitibus
497 2079 646 2150 fraudem
667 2095 838 2149 contexere
857 2092 992 2170 praeter,
1014 2106 1016 2114 ·

188 2191 252 2256 Seu
272 2190 373 2276 magis
395 2190 527 2255 inbelles
549 2187 645 2256 libuit
663 2188 864 2255 oirerrmdare
885 2204 1022 2270 ceruos,

120 2306 167 2370 10
187 2294 258 2363 Aut
274 2295 365 2360 tereti
385 2295 453 2360 lino
474 2293 631 2384 pavidum
651 2295 826 2360 subducere
846 2293 986 2383 piscetur

186 2403 258 2469 Hos
278 2412 403 2466 tantum
422 2421 546 2466 novere
567 2399 657 2464 dolos
676 2421 752 2465 mea
772 2399 903 2486 sordida
922 2421 1009 2464 rura.

185 2507 204 2572 I
224 2529 324 2590 nunc,
346 2517 376 2570 et
396 2503 481 2571 vitae
501 2499 649 2590 fugientis
669 2517 817 2594 tempora
838 2504 944 2570 vende

189 2611 352 2680 Divia'bus
372 2609 499 2676 coenis!
540 2609 600 2676 Me
619 2610 649 2676 si
669 2623 778 2678 manet
798 2609 917 2694 exiun,
938 2608 1027 2703 idem

188 2713 271 2800 Hic,
292 2737 424 2805 precor,
443 2711 610 2802 inveniar,
631 2729 882 2808 consumptaque
902 2729 1047 2806 tempora
1066 2737 1200 2809 poscere

610 2863 721 2939 ι143.

598 2967 761 3050 Petronii

555 3085 593 3153 (in
609 3085 698 3138 villam
713 3085 802 3150 suem.)

207 3181 240 3248 0
261 3181 334 3247 litus
355 3181 423 3248 vita
442 3180 527 3248 mihi
547 3179 687 3259 dulcius!
719 3181 871 3242 omarel
903 3175 994 3261 felix,
1075 3213 1079 3222 ·

173 3281 180 3307 ³
241 3285 314 3358 ,eui
333 3287 407 3354 licet
427 3287 467 3354 ad
487 3299 587 3354 terras
606 3283 661 3351 ire.
675 3281 811 3350 subinde
833 3305 931 3350 meas·
984 3351 985 3354 ,

208 3389 241 3456 0
261 3388 406 3458 formosa
427 3393 509 3460 dies!
534 3391 598 3458 hoc
619 3387 782 3478 quondam
802 3413 878 3456 rure
899 3385 1041 3454 solebam

248 3497 388 3564 Iliadum
410 3471 547 3564 armaias
568 3496 741 3564 sollicitare
762 3519 886 3562 manus.

9 3583 10 3588 ἵ
119 3611 144 3672 5
205 3599 273 3666 Hic
293 3601 391 3668 sontis
412 3605 497 3668 lacus
518 3615 579 3688 est,
598 3601 673 3670 illid
692 3603 779 3668 sinus
801 3601 901 3690 egerit
920 3600 1015 3688 algas.

233 3705 339 3770 Haec
359 3706 453 3771 statio
475 3719 521 3772 est
540 3707 642 3774 tacitis
662 3707 748 3776 victa
769 3705 991 3798 Cupidinibus.

209 3809 361 3876 Pervixiz
388 3833 491 3898 neque
512 3813 601 3881 enim
620 3811 748 3880 fortuna
768 3811 944 3900 malignior
964 3833 1117 3898 umquam

247 3913 374 4003 Eripiet
395 3918 506 4001 nobis,
533 3919 618 4006 quod
638 3920 731 4008 p'rior
751 3919 834 3984 hora
853 3916 950 3983 dedit.

189 4019 280 4100 ,Illic
302 4020 430 4086 alternis
452 4022 611 4112 depugnat
628 4035 742 4113 pontus
764 4033 798 4088 et
818 4045 882 4104 aer,

123 4132 168 4200 10
249 4125 315 4193 Hic
344 4123 420 4190 rivo
429 4123 529 4192 'tenui
549 4130 664 4231 pervia
682 4128 767 4217 ridet
785 4127 911 4191 humus.

142 4283 147 4294 .
207 4231 280 4299 Illic
295 4230 420 4319 ,divisas
447 4234 613 4322 conploret
630 4231 743 4300 navita
765 4253 898 4322 puppes,

168 4395 173 4406 .
252 4337 317 4405 Hic
337 4350 445 4430 pastor
463 4337 539 4406 miti
568 4331 685 4430 perbuit
704 4359 800 4408 amne
819 4357 926 4429 pecus.
955 4365 956 4368 ¹

550 4432 556 4447 .
981 4433 1030 4506 4,
