2992 4826
658 243 707 324 m

581 325 786 352 Μ

209 419 309 512 Saepe
321 435 451 492 'trucem
471 425 606 496 adverso
627 432 751 520 perlabi
769 432 875 502 sidere
894 453 1044 528 pontum,

249 529 463 618 Saepemare
481 534 629 601 audendo
644 536 787 624 vincere,
806 563 899 632 saepe
916 545 1075 636 hiemem,-

208 631 309 722 Saepe
329 633 425 702 etism
446 636 560 704 densos
580 641 747 708 inmittere
767 665 881 737 corpus
900 649 937 716 in
956 652 1096 737 hostes,

105 744 164 806 50
249 736 469 808 Communem
490 744 569 811 belli
587 769 657 812 non
676 748 864 818 meminisse
883 753 997 838 deum3

206 841 304 910 Nune
323 846 441 913 celeres
461 847 565 916 Ainos
584 852 791 941 perituraque
810 857 914 924 millia
934 863 1051 947 gentis,

246 947 357 1017 Aurea
374 974 463 1018 nuno
480 953 587 1042 rapidi
605 957 740 1024 flumina
759 959 848 1027 adire
869 963 962 1052 Tagi,

205 1054 303 1120 Nunc
326 1056 425 1122 aliam
445 1081 488 1124 ex
507 1059 568 1125 alia
587 1060 737 1128 bellando
757 1085 908 1152 quaerere
929 1083 1068 1157 gentem,

247 1159 390 1226 Vincere
410 1174 442 1228 et
460 1163 582 1232 Oceani
602 1164 718 1234 finibus
739 1170 892 1241 ulterius?

108 1275 160 1342 55
209 1265 290 1333 Non
310 1277 456 1332 nostrum
477 1281 538 1354 est,
561 1270 709 1358 inquam,
730 1285 829 1341 tantas
848 1278 1002 1367 attingere
1021 1283 1147 1366 laudes3

247 1369 338 1458 Quin
358 1371 463 1438 ausim
481 1373 544 1440 hoc
561 1376 659 1442 etiam
681 1377 803 1466 dicere,
824 1382 884 1450 vix
904 1383 1077 1454 hominnm
1097 1405 1156 1458 est.

204 1477 276 1566 Ipsa
298 1474 376 1542 haee
395 1477 465 1568 ipsa
485 1478 590 1548 ferent
609 1505 721 1548 rerum
741 1501 957 1554 monumenta
971 1511 1030 1578 per
1050 1495 1191 1581 orbona*

243 1582 316 1670 Ipsa
336 1581 399 1648 sibi
418 1585 583 1672 egregium
603 1584 685 1654 facta
705 1587 800 1654 decus
820 1590 955 1678 parient.

203 1685 274 1752 Nos
294 1709 348 1772 ea,
371 1713 451 1776 quae
469 1703 575 1757 tecum
595 1691 758 1760 finxerunt
778 1696 924 1760 earmina
944 1697 1024 1772 divi,

111 1802 161 1868 60
246 1793 408 1881 Cynthius
428 1807 459 1862 et
479 1795 602 1883 Musae,
620 1798 762 1865 Bacchus
783 1809 814 1862 et
833 1795 961 1882 Aglaie.

206 1898 242 1964 si
261 1899 369 1964 laudes
391 1901 564 1990 edspimm,
584 1900 704 1968 humili
722 1899 779 1964 sed
799 1896 888 1964 edire
907 1901 1066 1987 Camenam

246 2005 282 2070 Si
300 2003 405 2092 patrio
427 2005 544 2070 Graios
566 2005 709 2070 carmine
729 2003 818 2069 adire
836 2005 915 2070 sales

202 2107 394 2189 Possumus3
415 2109 530 2199 optatis
550 2111 621 2199 plus
642 2110 710 2176 iam
729 2107 934 2198 procedimus
953 2114 1043 2202 ipsis.

16 2169 22 2442 ι
247 2213 322 2279 Hoc
341 2212 414 2280 satis
436 2225 499 2300 est3
518 2215 630 2306 pingui
650 2215 700 2282 nil
719 2214 804 2284 mihi
823 2239 898 2284 eum
918 2224 1050 2311 populo.

529 2475 693 2566 Virgiliis
713 2475 817 2568 Capu.

203 2587 293 2677 Copa
313 2587 462 2678 Syrisce,
483 2605 576 2681 eaput
597 2593 697 2660 Graia
717 2595 868 2664 redimita
888 2597 1021 2679 mitella,

204 2759 206 2766 ,
242 2692 395 2781 Crispum
415 2696 474 2761 snb
495 2699 615 2763 crotalo
637 2699 729 2764 docta
749 2723 885 2769 movere
904 2704 994 2786 latus,

201 2795 302 2863 Ebria
321 2797 446 2865 famosa
471 2801 561 2867 saltat
579 2803 699 2869 lasciva
718 2805 858 2892 taberna,

240 2900 298 2968 Ad
320 2902 462 2970 cubitum
480 2926 592 2974 raucos
613 2911 775 2976 excutiens
793 2914 943 2980 calamos.

113 3021 136 3082 5
201 2985 291 3096 Quid
311 3008 399 3074 iuvat
420 3011 540 3076 aestivo
563 3012 723 3079 defessum
745 3017 880 3103 pulvere
899 3015 1009 3081 abesse

241 3113 352 3200 Quam
373 3125 485 3199 potum
504 3112 615 3179 bibulo
638 3118 823 3182 decubuisse
842 3125 938 3187 toro?
1015 3119 1017 3126 ¹

201 3217 283 3283 Sunt
302 3215 421 3297 obbae,
441 3215 569 3301 calices,
591 3219 717 3304 cyathi,
736 3241 809 3285 rosa
815 3269 826 3305 ,
845 3223 939 3310 tibia,
962 3223 1102 3292 chordae
1220 3237 1226 3248 “

241 3314 285 3388 Et
304 3321 430 3389 trichila
450 3320 638 3389 umbriferis
658 3319 776 3412 frigida
796 3325 1015 3394 arundinibus.
1070 3363 1072 3370 ι

201 3429 260 3495 Est
279 3440 328 3513 et,
356 3427 521 3496 Maenalio
540 3451 621 3517 quae
642 3430 743 3518 garrit
762 3429 856 3497 dulce
874 3431 933 3498 sub
955 3447 1057 3518 armo,

115 3549 159 3610 10
241 3535 370 3602 Rustica
389 3535 526 3624 pastoris
543 3535 646 3601 fistula
659 3557 753 3602 more
771 3559 900 3604 sonans.

199 3641 257 3706 Est
276 3653 308 3707 et
327 3661 448 3730 vappa,
470 3641 548 3706 cado
568 3663 671 3730 nuper
693 3639 801 3708 defusa
821 3643 936 3733 picato,

238 3745 298 3810 Est
310 3747 467 3835 crepitans
490 3768 587 3813 rauco
607 3771 777 3814 murmure
797 3747 888 3816 rivus
909 3772 1017 3836 aquae.

140 3917 141 3920 ,
199 3848 280 3914 Sunt
299 3859 330 3913 et
350 3849 494 3936 Corycio
514 3851 640 3918 iunctae
664 3854 806 3921 deflere
826 3853 965 3920 corollae
989 3923 993 3930 ,

240 3955 395 4041 Sertaque
407 3978 567 4043 purpurea
586 3958 669 4025 lutea
690 3961 793 4027 mixtu
812 3983 897 4028 rosa.

117 4069 159 4136 15
199 4059 280 4127 Sunt
301 4071 333 4126 et
351 4059 501 4147 virgineo
522 4057 618 4128 libata
638 4063 792 4131 Achelois
812 4065 854 4130 ab
875 4087 970 4133 mnne

241 4165 338 4250 Lilia,
359 4187 438 4254 quae
458 4164 563 4232 niveis
584 4167 687 4232 attulit
703 4167 737 4232 in
756 4169 896 4238 calathis.

201 4269 280 4336 Sunt
300 4283 331 4339 et
351 4270 477 4352 caseoli,
496 4295 575 4360 quos
595 4274 718 4364 scirpea
739 4274 850 4344 fiscina
869 4279 974 4363 siccat,

240 4377 320 4444 Sunt
339 4377 527 4446 autumnalis
548 4399 637 4446 cerea
656 4398 760 4474 pruna
780 4381 866 4470 deae,
