3000 4820
679 237 888 339 Q
928 295 933 304 .

288 424 330 490 Et
350 446 428 490 vera
449 422 572 488 incessu
595 421 696 510 patuit
721 421 790 486 dea.
833 422 892 488 Ille
913 438 1046 512 repente

288 529 459 617 Obstupuit
485 527 648 613 subitaque
669 525 818 592 anirnum
839 527 1007 594 dulcedine
1026 531 1154 608 monita

223 639 266 710 25
288 637 330 702 Et
350 646 492 699 mentem
512 633 624 699 Venus
650 633 719 720 ipsa
741 631 843 714 dedit,
865 632 959 698 decus
980 633 1076 698 enitet
1096 657 1164 716 ore,

208 732 211 738 ’
287 741 476 824 Exultatque
498 737 614 804 anisnis
636 751 667 804 et
690 762 724 803 se
745 737 831 825 cupit
852 748 924 802 ante
945 738 1062 804 videri.

286 844 340 908 Sic
357 854 410 907 tua
431 842 577 929 Cyrneas
599 841 723 929 fugiant
743 842 1011 925 examinatarum,

188 993 190 998 ν
288 947 343 1012 Sic
365 946 454 1011 citiso
485 960 587 1036 pastae
610 947 793 1028 distendant
812 949 910 1014 ubera
928 971 1054 1032 vaccae,

286 1051 438 1118 Formosi
458 1051 584 1139 pecoris
605 1064 709 1116 eustos
731 1051 908 1120 formosior
930 1054 1010 1142 ipse.

221 1174 265 1238 30
286 1158 430 1247 Adspice
450 1181 509 1222 nos
530 1170 672 1240 tautum,
698 1159 1034 1246 Lacedaemoniosque
1054 1159 1255 1247 hymenaeos

287 1262 445 1350 Coniugio
467 1261 599 1348 iungam
620 1260 726 1326 stabili
746 1263 976 1350 propriamque
998 1264 1110 1330 dicabo

283 1368 444 1456 Reginam
465 1365 611 1432 thalamis
632 1366 780 1453 Phrygio
799 1368 924 1434 seruire
944 1368 1073 1440 marito.
1182 1388 1185 1394 ¹

285 1477 345 1540 Ille
366 1475 442 1540 deae
466 1471 558 1539 donis
582 1493 619 1534 ao
642 1481 730 1534 tanto
748 1473 844 1538 laenas
865 1473 990 1538 honore

285 1581 383 1645 Ultro
405 1577 529 1642 animos
552 1574 635 1640 tollit
658 1574 767 1660 dictis,
789 1599 826 1641 ae
845 1578 920 1642 tatia
938 1577 1040 1644 sature

221 1695 264 1762 35
285 1687 357 1751 Iam
377 1683 445 1747 iam
463 1683 553 1749 nulla
573 1703 666 1746 mora
683 1695 745 1765 est,
772 1705 876 1769 neque
895 1707 950 1749 rue
970 1687 1124 1752 sententia
1145 1684 1254 1764 vertit,

286 1792 358 1872 Do,
387 1786 523 1874 quodvis
545 1786 619 1852 licet
640 1807 732 1850 arma
751 1785 836 1850 mihi
848 1799 1060 1874 ¹mortemque
1077 1788 1252 1854 minentur.

286 1896 345 1963 Me
367 1907 476 1958 tamen
496 1890 560 1956 urit
581 1914 689 1956 amors
710 1891 859 1974 veniam,
888 1913 1087 1981 quocumque
1109 1875 1255 1960 vocaris:

286 2002 341 2066 Tu
362 1998 463 2064 modo
484 1996 652 2086 promissis
674 2019 814 2063 maneas.
858 1998 908 2063 Ea
933 2000 1034 2064 verba
1053 2001 1175 2064 locutus

287 2089 445 2171 Vendidit
466 2101 520 2168 hic
541 2125 618 2166 auro
640 2103 789 2189 patriam.
833 2104 911 2168 Dux
932 2101 1054 2173 femina
1076 2103 1161 2172 facti.

223 2218 267 2288 4ο
287 2213 359 2278 Nec
382 2231 492 2292 mora,
515 2207 664 2274 contiuno
686 2221 829 2296 penetrat
848 2209 1094 2277 Lacedaemona
1114 2214 1233 2298 pastor]

285 2317 509 2402 Ledaeamque
531 2314 693 2380 Helenam
715 2313 874 2379 Troianas
896 2314 986 2378 vexit
1007 2313 1046 2378 ad
1070 2314 1175 2397 nrbes,

285 2424 346 2508 Et,
366 2421 395 2488 si
416 2419 479 2490 fata
500 2421 613 2505 deum,
634 2417 662 2482 si
684 2441 776 2492 mens
794 2442 866 2484 non
886 2420 978 2484 laeva
1001 2417 1121 2502 fuisset,

660 2813 663 2824 ·
698 2763 856 2833 Patricia·

533 2869 728 2941 epithalamium
743 2870 861 2939 Auspicii
883 2878 910 2920 et
926 2869 1033 2924 Aeliae:

310 2969 400 3036 Vere
420 2990 510 3036 novo
532 2971 666 3038 florebat
685 2972 813 3052 humus,
833 2981 915 3033 satus
938 2969 1063 3034 aethere
1084 2969 1164 3035 sudo

309 3077 420 3142 Imbre
441 3077 632 3144 maritatam
657 3074 821 3163 vegetabat
839 3074 967 3163 spiritus
991 3074 1123 3156 orbem3

312 3180 386 3267 Ipsa
407 3205 548 3268 quoque,
574 3182 712 3248 aetheria
733 3182 865 3248 deducta
885 3182 1079 3271 propagine,
1099 3180 1236 3246 flamma

310 3285 497 3350 Visceribus
519 3289 636 3354 suffina
659 3288 762 3370 cavis,
791 3310 878 3351 nova
896 3288 1044 3372 germina
1065 3288 1155 3373 largo

314 3389 457 3475 Urgebat
477 3394 621 3479 gremio,
641 3415 792 3481 reparans
815 3393 970 3456 elementa
991 3392 1113 3471 calore3

312 3494 456 3560 Latonae
476 3499 644 3583 geminum
664 3519 805 3578 numen,
827 3495 1017 3582 Cythereius
1039 3495 1132 3580 ignis,
1178 3523 1180 3528 ·

310 3597 432 3685 Iupiter
452 3602 521 3690 ipse
541 3627 656 3691 pareus
679 3615 709 3666 et
729 3601 836 3666 Maiae
857 3601 979 3667 mobile
998 3602 1112 3690 pignus

311 3705 488 3793 Temperie
509 3707 655 3773 unanimi
677 3708 797 3772 secluso
823 3703 945 3792 frigore
964 3707 1048 3771 tristi

309 3808 437 3874 Saturni
458 3814 574 3878 veteris
596 3811 712 3878 mundi
733 3835 791 3899 per
813 3824 918 3895 aperta
938 3810 1100 3895 nitebant

227 3928 270 3989 10
312 3916 398 3980 Cum
419 3914 530 3983 Venus
549 3919 658 3984 Idaliis
680 3918 829 3983 comitata
849 3917 1013 3982 sororibus
1035 3916 1112 4005 exit,

310 4021 511 4086 Thessalicos
535 4024 643 4090 visura
664 4013 763 4105 lares,
784 4022 841 4088 nbi
862 4021 976 4091 florida
999 4023 1127 4109 Tempe

313 4126 476 4216 Perpetuis
495 4126 604 4193 faciles
625 4142 816 4197 conservant
837 4129 969 4194 cultibus
990 4127 1111 4192 hortos.

310 4234 340 4298 It
362 4234 484 4297 Natura
507 4253 615 4296 comes
639 4235 770 4302 lactenti
791 4234 877 4300 foeta
898 4233 1026 4321 papilla,

313 4337 411 4403 Unde
431 4338 521 4406 venit
544 4337 639 4402 vitale
661 4341 771 4406 decusa
798 4363 901 4430 prope
923 4336 1035 4404 Gratia
1053 4333 1172 4400 blando
