3002 4816
748 233 836 310 198·

320 425 409 491 Vilia
429 447 496 490 non
517 424 575 490 illo
596 421 763 508 surgebant
782 421 929 508 gramina
949 411 1033 504 luco,

320 531 460 616 Pingunt
481 549 657 616 purpureos
679 525 846 590 candentia
867 525 935 592 lilia
955 527 1062 607 flores,

321 636 424 701 Ornat
443 647 527 699 terra
548 654 679 712 nemns3
711 653 796 694 nunc
816 631 903 695 locos
926 631 1000 696 vitis
1022 631 1199 714 inumbrat,

238 749 280 816 40
323 741 420 804 Nunc
440 734 563 818 laurus,
594 757 681 800 nunc
701 746 846 820 myrtu83
878 735 995 800 habent
1017 759 1073 800 sua
1095 760 1230 802 munera
1253 737 1347 802 latui.

321 847 472 928 Namque
492 841 544 906 hic
565 863 623 928 per
644 835 776 902 frondes
797 841 973 906 redolentia
992 840 1060 907 lilia
1081 842 1230 929 pendent,

323 949 388 1016 Hic
409 969 482 1012 rosa
504 965 579 1009 cum
599 943 713 1024 violis,
734 943 787 1008 hic
807 947 914 1010 omnis
937 947 1036 1032 gratia
1056 947 1186 1029 florum,

323 1053 388 1118 Hic
408 1035 491 1116 inter
512 1050 615 1113 violas
637 1071 731 1113 coma
751 1049 859 1114 mollis
884 1053 966 1117 laeta
987 1050 1166 1138 hyacinthi.

324 1157 449 1242 Dignus
472 1179 583 1220 amore
603 1155 711 1236 locus,
733 1153 784 1217 cui
806 1167 851 1218 tot
871 1167 945 1219 sunt
965 1177 1100 1220 munera
1121 1178 1243 1246 rerum,

241 1264 283 1337 45
325 1263 403 1328 Non
424 1274 532 1326 tamen
551 1260 588 1325 in
607 1259 687 1324 lucis
709 1280 842 1342 aurum,
864 1271 936 1324 non'
951 1284 1094 1349 purpura
1115 1261 1223 1347 fulget.

275 1349 277 1354 Ι
323 1367 397 1458 Flos
414 1369 529 1446 lectus,
551 1365 611 1429 llos
631 1365 739 1429 vincla
760 1363 854 1446 toris,
885 1365 1099 1430 substramina
1117 1365 1224 1449 flores,

325 1471 457 1536 Deliciis
479 1471 616 1536 Veneris
637 1469 726 1534 dives
747 1481 860 1535 natura
884 1471 1018 1535 laborat.

276 1619 278 1624 ·
326 1578 466 1643 Texerat
487 1575 540 1638 hic
563 1575 700 1660 liquidos
721 1575 823 1640 fontes
844 1599 913 1640 non
934 1575 1009 1640 vilis
1032 1575 1165 1658 arund0,

328 1675 397 1745 sed‘
412 1701 472 1765 qua
493 1703 587 1759 saeva
608 1695 689 1766 puer
710 1677 885 1770 componat
902 1681 962 1745 tela
985 1679 1122 1766 Cupido.

243 1799 285 1862 50
327 1787 424 1850 Hunc
444 1786 551 1850 solum
573 1785 692 1874 Paphie
712 1798 787 1875 puto
808 1787 917 1850 lucum
939 1782 1015 1848 fecit
1038 1784 1154 1866 amori,

327 1887 390 1952 Hic
415 1889 556 1955 Martem
578 1903 744 1980 expectare
765 1893 855 1956 solet.
897 1889 986 1973 Quid
1008 1889 1119 1954 Gratia
1139 1890 1239 1981 cessit,

328 1993 416 2078 Quid
437 1993 607 2060 Charites?
625 2011 708 2081 que,
731 2017 826 2060 saeve
846 2019 942 2084 puer,
964 2018 1031 2060 non
1051 1993 1124 2058 licia
1147 1995 1266 2061 nectis?

328 2098 383 2161 Tu
403 2099 520 2162 lectum
544 2095 828 2180 connumereris,
856 2113 892 2163 tu
913 2111 996 2163 serta
1015 2112 1124 2188 parato

328 2203 370 2266 Et
391 2201 489 2266 roseis
511 2203 635 2281 crinem
653 2203 749 2268 nodis
771 2204 920 2268 subnecte
942 2195 1120 2268 decenter.⁴
1267 2288 1270 2296 Δ

247 2317 289 2378 55
330 2305 420 2369 Haec
440 2305 539 2369 modo
560 2317 761 2394 purpureum
782 2307 954 2396 decerpens
983 2305 1100 2394 pollice
1119 2305 1246 2389 florem,

331 2411 416 2478 Cum
437 2409 602 2494 diligaturn
622 2411 758 2497 suspiria
780 2411 871 2474 ducat
891 2411 1038 2491 odorem,

330 2513 391 2580 Ast
410 2514 468 2578 tibi
488 2513 603 2578 blanda
624 2537 737 2578 manus
760 2560 769 2579 .
792 2561 801 2579 .
823 2561 832 2578 .
852 2515 909 2578 sub
934 2526 1062 2600 pectore
1083 2513 1208 2580 condat.

333 2619 427 2683 Tunc
447 2641 489 2683 ne
510 2618 666 2706 purpurei
682 2618 785 2684 laedat
805 2632 836 2683 te
854 2608 945 2706 spina
969 2618 1077 2700 roseti,
1166 2603 1167 2606 Ἴ

334 2721 498 2789 Destrictis
518 2727 639 2787 teneras
662 2721 748 2788 ¹foliis
775 2725 956 2810 constringe
976 2723 1120 2812 papillas,

250 2832 292 2895 60
334 2822 388 2890 Sic
409 2825 496 2900 decet
515 2827 551 2890 in
572 2826 708 2894 Veneris
728 2831 800 2894 luco
823 2829 958 2915 gaudere
979 2827 1111 2915 puellas.

333 2927 379 2994 Ut
396 2941 503 3010 temen
522 2932 657 2998 inlaesos
679 2933 816 3021 Paphiae
835 2933 969 2998 servetis
981 2925 1128 3016 amores,

334 3031 472 3098 Vincula
492 3035 539 3098 sic
559 3035 670 3100 mixtis
692 3051 779 3102 caute
800 3037 1007 3123 constringite
1028 3037 1139 3120 ramis,

247 3179 250 3186 ·
334 3137 388 3200 Ne
408 3139 521 3204 diffusa
542 3138 623 3206 ferat
641 3166 699 3230 per
721 3140 852 3207 frondes
873 3141 997 3206 lumina
1018 3140 1126 3204 Titan.

335 3241 396 3318 nu
417 3243 512 3328 igitur
531 3245 610 3309 tacis
632 3245 767 3335 papan,
794 3247 873 3310 aum
893 3229 1013 3334 paena
1034 3245 1168 3311 Mavors

252 3352 295 3416 65
338 3345 497 3426 Horrida,
518 3349 596 3413 dum
616 3353 752 3439 populos
773 3351 844 3415 diro
865 3356 989 3440 terrore
1010 3349 1129 3436 fatigat,

335 3442 481 3516 ¹Ludebat
501 3454 616 3518 teneris
638 3456 736 3542 Bybli
757 3455 917 3539 permixta
938 3455 1062 3543 puellis.

337 3553 435 3618 Nunc
455 3557 561 3622 varios
583 3572 674 3626 cantu
697 3559 810 3624 divum
830 3557 987 3623 referebat
1008 3581 1144 3639 amores,

337 3657 437 3743 Inque
456 3662 704 3738 modumvocis
725 3686 811 3728 nunc
832 3677 937 3728 motus
960 3661 1043 3727 forte
1065 3661 1207 3728 decentes

338 3764 482 3849 Corpore
501 3766 580 3832 laeta
601 3768 708 3850 dabat,
733 3791 818 3833 nunc
840 3769 979 3834 miscens
1001 3768 1137 3854 denique
1158 3771 1288 3858 plantas,

244 3871 297 3946 „70
338 3867 436 3931 Nunc
453 3871 572 3936 alterna
592 3894 728 3938 movens
749 3896 901 3962 suspenso
923 3875 1039 3962 pollice
1062 3897 1156 3938 crura

338 3970 483 4034 Molliter
503 3973 623 4040 inflexo
643 3977 806 4042 subnitens
828 3978 948 4065 poplite
969 3979 1052 4044 sidit.

337 4073 436 4159 Saepe
455 4095 583 4140 comam
601 4083 736 4168 pulchro
757 4083 926 4147 collectum
945 4083 1026 4148 flore
1045 4083 1171 4170 ligabat,
1250 4165 1252 4170 Ι

340 4175 466 4240 Ornans
488 4180 664 4248 ambrosios
685 4185 797 4251 divino
818 4187 941 4274 pectine
963 4179 1077 4254 crines.

339 4279 429 4344 Dum
449 4281 541 4346 ludos
566 4284 611 4347 sic
631 4287 747 4353 blanda
768 4290 892 4373 Venus,
914 4293 992 4356 dum
1013 4291 1127 4380 gaudia
1150 4290 1272 4372 miscet,
