2992 4826
689 224 894 334 A..

237 427 281 492 ιο
366 413 456 502 Quin
475 426 507 482 et
526 433 626 503 qnmn
646 423 759 482 tenera
777 411 928 480 membra
947 414 1042 482 molli
1057 415 1186 498 leonto,

365 522 478 608 Quum
499 531 628 608 pectora
647 520 717 609 ipsa
739 519 910 588 adhaerent
929 517 1068 589 Veneris
1087 521 1223 607 glutino,

366 625 489 696 Libido
510 649 611 714 quum
629 623 754 696 lascivo
776 625 926 694 instinctu
946 622 1080 708 suscitat,

366 731 501 799 Sinuare
521 727 561 796 ad
584 729 723 799 Veneris
743 751 838 798 usum
859 725 998 813 semina,
1025 727 1165 798 feminae

363 834 454 902 Inter
472 833 622 920 gannitus
639 843 672 900 et
687 833 829 900 subantis
852 834 980 902 voculas

363 938 505 1030 Carpant
523 939 660 1029 papillas
680 952 773 1028 atque
788 938 961 1029 amplexus
984 939 1154 1027 intiment,

364 1044 533 1132 Arentque
551 1043 655 1112 sulcos
676 1045 791 1112 molles
813 1065 894 1112 arvo
916 1040 1066 1112 Venereo

364 1147 600 1239 Thyrsumque
619 1159 758 1240 pangant
775 1147 909 1218 hortulo
929 1147 965 1216 in
987 1151 1167 1241 Cupidinis,

361 1253 450 1323 Dent
471 1254 600 1322 crebros
620 1255 702 1322 ictus
724 1257 919 1324 connivente
938 1254 1075 1340 lumine,

366 1350 565 1449 Trepidaute
585 1379 679 1428 cursu
699 1357 830 1428 Venere
851 1371 882 1426 et
902 1361 1011 1431 anima
1031 1362 1158 1448 sessula,
1258 1391 1261 1400 ⁴

256 1471 269 1486 '
366 1465 534 1532 Eiaculent
554 1464 699 1554 tepidam
718 1488 831 1532 rorem
850 1465 957 1534 niveis
976 1466 1133 1535 laticibus.

365 1571 469 1648 Haec¹
480 1570 531 1637 illi
550 1568 682 1656 iaciant,
706 1571 775 1662 quis
792 1569 904 1638 Venus
924 1596 996 1638 non
1011 1572 1147 1656 invidet,

367 1676 416 1746 At
435 1675 529 1742 nobis
552 1695 639 1742 casso
662 1677 775 1744 saltem
797 1674 1006 1745 delectamine

367 1781 492 1851 Amare
512 1780 621 1867 liceat,
643 1777 672 1848 si
692 1778 792 1869 potiri
811 1803 881 1848 non
900 1783 985 1850 licet.

759 1983 845 2054 931·
890 2005 893 2012 ·

676 2084 923 2158 Modestini

721 2193 880 2255 uetuere.

308 2315 406 2382 Forte
426 2309 546 2378 lacebat
564 2309 674 2380 Amor
693 2313 798 2390 victus
819 2335 898 2403 puer
920 2312 996 2378 alite
1016 2335 1133 2380 somno

308 2418 418 2507 Myni
438 2415 521 2486 inter
542 2414 673 2484 frutices
692 2419 839 2509 pallentis
860 2418 945 2485 roris
967 2417 1002 2482 in
1022 2419 1137 2484 herba:

308 2525 407 2592 Hunc
428 2523 540 2612 procul
560 2523 693 2591 emissae
713 2524 879 2590 tenebrosa
900 2522 985 2588 Ditis
1006 2523 1044 2588 ab
1067 2525 1137 2588 aula

309 2632 516 2713 Circumeunt
537 2629 679 2714 animae,
703 2653 798 2697 saeva
819 2627 888 2697 face
909 2651 983 2715 quas
1008 2629 1173 2701 cruciarat.

245 2734 268 2812 5
308 2733 393 2804 Ecce
412 2757 502 2802 meus
523 2739 675 2804 venatori
697 2739 755 2817 ait,
776 2734 879 2819 hunc,
901 2735 1061 2820 Phaedra,
1084 2735 1232 2822 ligemus.

311 2839 476 2926 Crudelis,
500 2840 642 2924 crinem,
663 2841 819 2907 clamabat
841 2841 961 2929 Scylla,
983 2855 1151 2924 metamus,

311 2946 441 3013 Colchis
464 2959 495 3012 et
517 2949 596 3014 orba
616 2950 759 3033 Progne,
785 2971 959 3014 numerosa
980 2949 1075 3014 caede
1095 2967 1257 3030 necemus,

293 3054 400 3130 ,Dido
422 3065 452 3119 et
473 3055 611 3136 Canace,
634 3075 730 3118 saevo
751 3050 858 3140 gladio
879 3055 1090 3145 perimamus,

311 3159 469 3246 Myrrha,
490 3160 571 3224 meis
590 3160 709 3240 ramis3
732 3161 886 3245 Euadne,
908 3162 982 3250 igne
1005 3181 1197 3239 crememus,

250 3277 292 3337 10
309 3263 425 3348 Hunc,
456 3261 615 3330 Arethusa
635 3265 740 3351 iuquit
759 3267 940 3352 Biblisque,
968 3268 1006 3330 in
1026 3265 1114 3330 fonte
1134 3281 1297 3331 necemus.

313 3366 376 3434 Ast
399 3365 508 3435 Amor
528 3361 684 3458 evigilans
707 3367 809 3438 dixit:
829 3392 902 3436 mee
921 3387 1043 3458 penna,
1066 3366 1233 3434 volemus!

761 3569 847 3640 232.

606 3682 764 3754 Gallieni
793 3686 1009 3776 imperatoris

704 3789 909 3860 epithalamium.
999 3845 1003 3859 ,

294 3910 341 3975 lte
358 3905 456 3973 simul
476 3908 625 3997 iuvenes,
652 3911 776 4000 pariter
796 3909 904 3977 sudate
922 3905 1075 3974 medullis

296 4013 459 4080 Onmibus
479 4013 563 4080 inter
586 4039 655 4082 vos.
698 4017 778 4082 Non
798 4037 969 4083 mmmura
989 4023 1096 4080 vestra
1117 4006 1294 4092 columbae,

295 4118 431 4185 Brachia
451 4141 512 4184 nee
532 4117 668 4188 hederae
687 4119 838 4207 vincant,
861 4143 920 4189 nec
942 4121 1048 4186 oscula
1070 4115 1218 4182 conchae.

299 4225 433 4310 Ludite,
452 4223 509 4292 sed
530 4225 644 4311 vigiles
666 4219 764 4294 nolite
785 4226 972 4320 extinguere
990 4225 1139 4314 lychnos.

296 4334 419 4401 Omnia
439 4345 532 4402 nocte
552 4327 683 4413 vident,
703 4331 752 4398 nil
773 4355 841 4400 cras
862 4334 1043 4400 meminere
1061 4329 1221 4395 lucernae.
