2992 4826
589 274 797 388 *22-

120 485 176 548 15
220 475 262 541 Et
281 472 382 540 inscio
402 482 532 560 repente
553 470 725 537 clamatum
749 493 845 562 super

260 577 443 644 Thalassio!
465 577 652 644 Thalassio!

219 681 307 770 Quid
327 681 482 772 palluisti,
502 677 650 752 femina?
678 705 720 749 an
739 682 804 752 ioci
825 681 957 754 dolent?

260 786 319 855 An
339 786 420 854 facta
440 789 606 876 cognoscis
626 790 703 855 tua?

216 893 296 960 Non
318 915 373 958 me
396 893 527 958 vocabis
547 891 682 984 pulchra
701 915 761 983 per
782 891 924 980 Cotyttia

18 1001 19 1060 l
123 1009 175 1074 20
258 996 316 1064 Ad
337 995 465 1064 feriatos
485 995 639 1081 fascinos3

18 1115 19 1134 ¹
217 1102 291 1168 Nec
310 1099 386 1165 dein
405 1123 541 1166 movere
562 1101 691 1169 lumbos
711 1101 747 1171 in
761 1100 921 1170 crocotula

259 1204 390 1270 Premis
407 1204 526 1272 videbo
545 1207 695 1276 altaribus

215 1310 415 1397 Flavumqne
433 1323 566 1400 propter
586 1308 756 1400 Thybrim
776 1311 891 1378 olentis
910 1311 1073 1382 nauticum

258 1413 404 1498 Vocare,
424 1414 479 1480 ubi
499 1416 647 1505 adpulsae
666 1429 749 1486 rates

126 1533 175 1598 25
219 1521 308 1588 Stant
326 1519 363 1586 in
383 1519 492 1604 vadis,
517 1543 614 1588 caeno
635 1537 774 1590 retentae
792 1523 937 1609 sordido,

261 1627 433 1716 Macraque
452 1627 602 1694 luctantes
624 1649 714 1714 aqua3

215 1733 330 1820 Neque
349 1731 384 1798 in
405 1732 546 1798 cuinam
567 1743 597 1798 et
617 1743 711 1798 uncta
732 1731 915 1822 compitalia

224 1876 228 1882 ·
257 1841 426 1928 Dapesque
446 1837 542 1901 duces
562 1835 717 1914 sordidas,

216 1943 351 2032 Quibus
363 1942 521 2030 repletus,
535 1961 537 1966 ’
551 1951 587 2003 ut
606 1933 753 2002 salivoeis
775 1935 875 2023 aquis,

126 2063 174 2128 3ο
260 2048 404 2116 Obesam
425 2045 465 2109 ad
488 2063 627 2108 uxorem
646 2037 744 2121 redis,

217 2153 262 2222 Et
281 2161 453 2219 aestuantes
474 2159 567 2214 nocte
586 2146 686 2212 solvis
706 2145 856 2236 pantices,

178 2333 182 2340 ,
262 2259 405 2346 Olusque
426 2255 542 2322 lambis
563 2249 671 2318 saviis.

216 2366 315 2432 Nune
342 2363 448 2446 laede,
488 2381 575 2426 nunc
600 2358 732 2442 lacesse,
773 2360 803 2426 si
824 2361 998 2451 quidquam
1026 2365 1133 2432 vales!

257 2472 300 2538 Et
319 2491 442 2535 nomen
463 2465 610 2533 adscribo
630 2476 732 2549 tuum,

125 2588 175 2658 35
216 2575 356 2645 Cinaede
375 2571 470 2642 Luci.
514 2570 573 2638 An
591 2581 623 2638 te
645 2571 843 2658 reliquerunt
863 2575 951 2666 opes,

257 2683 416 2768 Fameque
436 2677 567 2766 genuini
588 2683 743 2767 erepant?

215 2785 346 2855 Videho
367 2785 538 2852 habentem
557 2796 683 2875 praeter
701 2785 835 2874 ignavos
856 2785 940 2852 nihil

258 2894 383 2960 Fratres
409 2906 439 2960 et
458 2893 577 2959 iratum
597 2891 726 2975 Iovem,

212 2999 413 3087 Scissnmque
434 3011 583 3064 ventrem
604 3008 635 3062 et
654 2996 798 3062 herniosi
814 2997 920 3085 patrui

18 3114 26 3180 ;'
126 3109 176 3180 40
260 3103 360 3170 Pedes
380 3102 488 3189 inedia
508 3101 660 3185 turgidos.

645 3285 729 3369 106·

611 3436 766 3526 Virgilii

426 3546 512 3616 elegia
536 3547 571 3600 ad
587 3545 626 3598 Μ.
645 3544 784 3600 Valerium
800 3542 947 3595 Messalam.

216 3681 318 3750 Pauca
333 3659 440 3768 mihi,
459 3683 558 3750 niveo
579 3681 722 3748 sednon
743 3679 903 3769 incognita
924 3677 1065 3764 Phoebo,

258 3789 361 3858 Pauca
376 3790 466 3856 rnihi
487 3789 595 3854 doctae
617 3788 711 3854 dicite
731 3787 909 3876 Pegasides.

216 3894 331 3973 Victor
352 3895 455 3979 adest,
479 3894 589 3982 magni
609 3917 765 3982 magnum
787 3894 880 3960 decus
902 3917 974 3962 ecce
994 3892 1161 3984 triumphi,

260 4001 393 4084 Victor,
415 4023 475 4088 qua
495 4011 598 4066 terrae
619 4023 740 4088 quaque
760 4013 867 4090 patent
886 3999 999 4086 maria,

136 4116 156 4184 5
217 4108 362 4206 Horrida
381 4105 565 4172 barbaricae
586 4119 714 4195 portans
736 4106 872 4196 insignia
893 4129 1025 4198 pugnae,

259 4216 397 4302 Magnus
418 4224 452 4278 ut
474 4211 617 4278 Oenides
637 4224 733 4298 utque
753 4213 904 4302 superbus
924 4215 1033 4300 Eryx.

219 4321 291 4387 Nec
310 4319 418 4386 minus
441 4317 562 4384 idcirco
582 4325 708 4382 nostros
731 4341 925 4406 expromere
946 4328 1053 4384 cantus

260 4424 438 4510 Maximus,
459 4437 491 4491 et
509 4437 632 4492 sanctos
653 4423 776 4514 dignus·
787 4424 872 4492 inire
893 4423 1017 4487 choros.
