3002 4816
597 239 804 340 „Q-

377 543 454 630 Quo
478 564 586 613 curru
607 564 760 638 quaeqae
781 547 846 618 dea
867 555 1023 624 vehatur.
1125 581 1128 586 ·

228 655 412 728 Meteonem
432 659 541 752 magni
563 661 654 727 vehit
676 663 791 729 ardens
813 690 898 755 pavo
920 669 1088 759 Tonantis,

269 766 325 833 Ad
348 769 484 835 Veneris
507 787 639 833 currum
667 761 774 834 iuncta
795 773 943 840 columba
964 799 1070 865 cycno
1091 789 1145 845 est.

184 883 187 890 '
229 873 360 938 Pallada
379 873 466 939 bubo
487 872 590 956 vehit,
618 871 675 938 sed
698 897 770 940 eam
790 889 863 944 rote
884 882 972 947 nulle
997 883 1121 970 figuret,

269 979 438 1064 Anguibus
460 980 546 1045 alma
567 980 664 1044 Oetes
685 978 951 1072 Persephoneque
971 989 1072 1055 venit.

227 1086 322 1152 Delia
344 1107 419 1148 cum
439 1084 534 1148 Luna
556 1095 601 1147 est
620 1081 747 1168 gemine
769 1103 922 1173 provecta
942 1091 1087 1180 iuvenca,
1157 1125 1161 1133 ·

268 1189 428 1256 Venatrix
448 1211 557 1254 cervas
579 1185 674 1272 virgo
695 1188 801 1257 Diana
820 1203 915 1258 tenet.

649 1413 737 1491 604.

282 1551 332 1622 Μ.
354 1549 404 1620 D·
426 1505 476 1622 Μ.
497 1556 627 1623 Idaeae
654 1567 688 1622 et
715 1557 835 1625 Attide·
855 1558 1119 1643 Menotymnno·

228 1701 357 1768 Nobilis
378 1700 413 1768 in
435 1703 551 1784 causis,
579 1700 666 1769 fama
687 1703 849 1789 celsusque
873 1702 1009 1768 sabinus

269 1808 335 1872 Hic
356 1819 444 1895 pater
464 1807 583 1874 Invicti
602 1808 742 1895 mystice
762 1808 868 1874 victoi-
889 1806 993 1874 habet.

228 1914 344 1980 Sermo
366 1913 445 1978 dues
529 1945 573 1962 ·-
656 1945 698 1964 -
782 1946 826 1962 -
863 1929 1033 1983 reservans
1127 1919 1131 1928 ‘

271 2018 466 2084 consimiles
487 2017 589 2083 aufert
653 2052 695 2073 ι-
780 2051 822 2070 -··
926 2049 970 2068 -··

347 2155 392 2173 —

143 2349 164 2412 5
227 2336 270 2400 Et
290 2332 473 2402 venerenda
490 2347 602 2402 movet
623 2337 763 2424 Cybeles
784 2337 921 2404 triode‘ia
941 2339 1042 2428 signa,
1077 2305 1092 2353 '¹

269 2441 436 2528 Augentur
456 2442 581 2508 meritis
601 2444 754 2530 symbola
774 2443 944 2510 tauroboli.

177 2575 241 2634 Ruf.
254 2577 362 2630 Caeoni.
381 2577 443 2628 Cae.
463 2577 553 2630 Sabini
570 2575 590 2631 f.
608 2579 643 2630 V·
662 2579 692 2631 C.
706 2579 738 2632 P.
757 2579 795 2631 Μ.
814 2580 917 2634 Hieros.
936 2580 971 2630 1).
987 2581 1080 2636 Hecet.
1096 2577 1163 2646 Aug.
1181 2580 1256 2635 Atue.

210 2667 278 2721 Pub.
294 2683 321 2733 p.
334 2685 357 2716 r.
372 2665 422 2731 Q„
438 2676 513 2732 pater
531 2681 661 2718 sacrorum
673 2666 764 2720 Invict.
775 2669 898 2732 Mithrae,
917 2669 1111 2721 Taurobotinus
1122 2671 1160 2721 Μ.
1172 2665 1207 2722 D.
1221 2670 1258 2722 M.
1325 2699 1327 2702 ·

209 2755 251 2807 Id.
270 2764 297 2805 et
313 2753 410 2804 Attidis
427 2755 614 2822 Menoty1·anni
630 2769 697 2807 aram
714 2757 777 2811 ΗΠ.
795 2758 833 2810 id.
857 2756 936 2808 Mart.
954 2755 1082 2809 Gratiano
1099 2757 1135 2810 V·
1153 2767 1181 2809 et
1197 2759 1259 2810 Me·

209 2843 326 2896 robaude
344 2857 409 2892 cusu.
429 2839 569 2896 dedicavit.

226 2968 370 3056 Antiqua
394 2990 546 3054 generose
567 2969 683 3052 domo,
710 2968 761 3035 eui
781 2971 869 3057 regia
890 2969 1006 3038 Vestae

227 3072 378 3142 Pontifici
397 3071 478 3138 felix
499 3087 619 3139 sacrato
641 3076 757 3142 militet
776 3076 861 3161 igne,

226 3181 321 3245 Idem
343 3201 458 3265 augur,
484 3179 620 3267 triplicis
645 3179 747 3242 culter
767 3176 951 3246 venerande
972 3173 1105 3263 Dianae,

48 3287 51 3298 ’
146 3300 187 3360 10
229 3283 445 3370 Persidioique
465 3284 607 3350 Mithrae
627 3280 751 3350 antistes
773 3285 955 3372 Babylonie
980 3284 1104 3374 templi,

229 3389 469 3476 Teuiobolique
489 3389 587 3456 simul
608 3391 719 3478 magni
740 3391 807 3458 dux
828 3391 967 3478 mystice
987 3392 1080 3456 sacri.

657 3595 740 3675 605.

230 3737 312 3822 Quis
334 3731 409 3817 tibi,
429 3738 631 3823 taurobolue,
650 3753 776 3808 vestem
795 3753 919 3808 mutare
940 3734 1047 3821 suisit,

229 3841 360 3907 Inflatus
384 3841 474 3906 dives
495 3843 598 3909 subito
619 3841 784 3912 mendicus
811 3859 845 3912 ut
865 3869 959 3924 esses,

229 3947 360 4012 Obsitus
382 3961 412 4013 et
434 3948 546 4037 pannis
572 3951 724 4035 modicis,
755 3949 927 4038 tepefactus
950 3989 990 4012 .-.

231 4052 297 4116 Sub
318 4065 404 4117 terra
421 4049 552 4136 missus,
579 4055 718 4141 pollutus
739 4055 891 4140 sanguine
911 4054 1004 4134 tami,

232 4157 405 4242 Sordidus,
435 4157 586 4243 infectus,
616 4173 717 4224 vestes
738 4183 870 4225 servare
891 4171 1044 4240 cruentae,

231 4262 354 4329 Vivere
379 4285 455 4330 cum
475 4288 583 4355 speras
604 4263 747 4330 mundus
771 4263 884 4352 viginti
905 4288 964 4354 per
986 4281 1096 4416 aglius.

532 4383 537 4392 ⁸
980 4359 996 4416 1
