<?xml version="1.0" encoding="UTF-8"?>
<!DOCTYPE html PUBLIC "-//W3C//DTD XHTML 1.0 Transitional//EN"
    "http://www.w3.org/TR/xhtml1/DTD/xhtml1-transitional.dtd">
<html xmlns="http://www.w3.org/1999/xhtml" xml:lang="en" lang="en">
 <head>
  <title>
</title>
<meta http-equiv="Content-Type" content="text/html;charset=utf-8" />
  <meta name='ocr-system' content='tesseract 3.04.00' />
  <meta name='ocr-capabilities' content='ocr_page ocr_carea ocr_par ocr_line ocrx_word'/>
</head>
<body>
  <div class='ocr_page' id='page_1' title='image "./anthologiaveter00burmgoog_0194.png"; bbox 0 0 3000 4820; ppageno 0'>
   <div class='ocr_carea' id='block_1_1' title="bbox 633 249 706 332">
    <p class='ocr_par' dir='ltr' id='par_1_1' title="bbox 633 249 706 332">
     <span class='ocr_line' id='line_1_1' title="bbox 633 249 706 332; baseline 0.014 -12"><span class='ocrx_word' id='word_1_1' title='bbox 633 249 706 332; x_wconf 79' lang='lat'>129</span> 
     </span>
    </p>
   </div>
   <div class='ocr_carea' id='block_1_2' title="bbox 568 329 776 352">
    <p class='ocr_par' dir='ltr' id='par_1_2' title="bbox 568 329 776 352">
     <span class='ocr_line' id='line_1_2' title="bbox 568 329 776 352; baseline 0 0"><span class='ocrx_word' id='word_1_2' title='bbox 568 329 776 352; x_wconf 58' lang='lat' dir='ltr'>-w--a-fl</span> 
     </span>
    </p>
   </div>
   <div class='ocr_carea' id='block_1_3' title="bbox 324 404 935 728">
    <p class='ocr_par' dir='ltr' id='par_1_3' title="bbox 324 404 935 728">
     <span class='ocr_line' id='line_1_3' title="bbox 324 404 881 528; baseline -0.005 -24"><span class='ocrx_word' id='word_1_3' title='bbox 324 441 377 506; x_wconf 86' lang='lat' dir='ltr'>Ire</span> <span class='ocrx_word' id='word_1_4' title='bbox 395 461 454 528; x_wconf 89' lang='lat' dir='ltr'>per</span> <span class='ocrx_word' id='word_1_5' title='bbox 473 434 604 503; x_wconf 82' lang='lat' dir='ltr'>umbras</span> <span class='ocrx_word' id='word_1_6' title='bbox 625 449 717 524; x_wconf 86' lang='lat' dir='ltr'>atque</span> <span class='ocrx_word' id='word_1_7' title='bbox 736 404 881 526; x_wconf 84' lang='lat' dir='ltr'>sepulcra</span> 
     </span>
     <span class='ocr_line' id='line_1_4' title="bbox 326 541 871 629; baseline -0.009 -20"><span class='ocrx_word' id='word_1_8' title='bbox 326 545 458 609; x_wconf 81' lang='lat' dir='ltr'>Pectore</span> <span class='ocrx_word' id='word_1_9' title='bbox 481 563 581 628; x_wconf 87' lang='lat' dir='ltr'>egeno</span> <span class='ocrx_word' id='word_1_10' title='bbox 602 541 738 618; x_wconf 84' lang='lat' dir='ltr'>titubans</span> <span class='ocrx_word' id='word_1_11' title='bbox 758 541 871 629; x_wconf 86' lang='lat' dir='ltr'>gestis,</span> 
     </span>
     <span class='ocr_line' id='line_1_5' title="bbox 329 646 935 728; baseline -0.008 -14"><span class='ocrx_word' id='word_1_12' title='bbox 329 649 401 714; x_wconf 91' lang='lat' dir='ltr'>Nec</span> <span class='ocrx_word' id='word_1_13' title='bbox 421 659 473 712; x_wconf 90' lang='lat' dir='ltr'>tua</span> <span class='ocrx_word' id='word_1_14' title='bbox 493 647 607 712; x_wconf 83' lang='lat' dir='ltr'>Manes</span> <span class='ocrx_word' id='word_1_15' title='bbox 631 646 774 712; x_wconf 89' lang='lat' dir='ltr'>carmina</span> <span class='ocrx_word' id='word_1_16' title='bbox 794 657 935 728; x_wconf 83' lang='lat' dir='ltr'>sumunt,</span> 
     </span>
    </p>
   </div>
   <div class='ocr_carea' id='block_1_4' title="bbox 10 751 988 1372">
    <p class='ocr_par' dir='ltr' id='par_1_4' title="bbox 326 751 965 1156">
     <span class='ocr_line' id='line_1_6' title="bbox 326 751 930 840; baseline -0.002 -22"><span class='ocrx_word' id='word_1_17' title='bbox 326 751 427 818; x_wconf 83' lang='lat' dir='ltr'>Fame</span> <span class='ocrx_word' id='word_1_18' title='bbox 449 751 529 818; x_wconf 89' lang='lat' dir='ltr'>dum</span> <span class='ocrx_word' id='word_1_19' title='bbox 548 752 659 840; x_wconf 90' lang='lat' dir='ltr'>pulsus</span> <span class='ocrx_word' id='word_1_20' title='bbox 680 751 816 816; x_wconf 87' lang='lat' dir='ltr'>Tartara</span> <span class='ocrx_word' id='word_1_21' title='bbox 836 763 930 817; x_wconf 88' lang='lat' dir='ltr'>cantu</span> 
     </span>
     <span class='ocr_line' id='line_1_7' title="bbox 327 853 900 942; baseline -0.003 -20"><span class='ocrx_word' id='word_1_22' title='bbox 327 857 452 922; x_wconf 91' lang='lat' dir='ltr'>Omnia</span> <span class='ocrx_word' id='word_1_23' title='bbox 472 853 596 934; x_wconf 85' lang='lat' dir='ltr'>turbas,</span> <span class='ocrx_word' id='word_1_24' title='bbox 620 853 740 942; x_wconf 87' lang='lat' dir='ltr'>aliquid</span> <span class='ocrx_word' id='word_1_25' title='bbox 760 854 900 921; x_wconf 82' lang='lat' dir='ltr'>crederis</span> 
     </span>
     <span class='ocr_line' id='line_1_8' title="bbox 328 960 965 1052; baseline 0.003 -24"><span class='ocrx_word' id='word_1_26' title='bbox 328 963 418 1028; x_wconf 90' lang='lat' dir='ltr'>Dare</span> <span class='ocrx_word' id='word_1_27' title='bbox 437 962 523 1049; x_wconf 89' lang='lat' dir='ltr'>quod</span> <span class='ocrx_word' id='word_1_28' title='bbox 541 960 640 1052; x_wconf 79' lang='lat' dir='ltr'><strong>possit</strong></span> <span class='ocrx_word' id='word_1_29' title='bbox 658 981 754 1051; x_wconf 89' lang='lat' dir='ltr'>super</span> <span class='ocrx_word' id='word_1_30' title='bbox 774 961 825 1027; x_wconf 90' lang='lat' dir='ltr'>his</span> <span class='ocrx_word' id='word_1_31' title='bbox 845 961 965 1030; x_wconf 87' lang='lat' dir='ltr'>Pluton</span> 
     </span>
     <span class='ocr_line' id='line_1_9' title="bbox 327 1065 850 1156; baseline 0.002 -24"><span class='ocrx_word' id='word_1_32' title='bbox 327 1065 524 1155; x_wconf 81' lang='lat' dir='ltr'><strong>Pauperibus</strong></span> <span class='ocrx_word' id='word_1_33' title='bbox 545 1077 622 1154; x_wconf 89' lang='lat' dir='ltr'>puto</span> <span class='ocrx_word' id='word_1_34' title='bbox 647 1067 732 1153; x_wconf 90' lang='lat' dir='ltr'>quod</span> <span class='ocrx_word' id='word_1_35' title='bbox 752 1079 850 1156; x_wconf 85' lang='lat' dir='ltr'>petas.</span> 
     </span>
    </p>

    <p class='ocr_par' dir='ltr' id='par_1_5' title="bbox 10 1168 913 1260">
     <span class='ocr_line' id='line_1_10' title="bbox 10 1168 913 1260; baseline 0.002 -22"><span class='ocrx_word' id='word_1_36' title='bbox 10 1168 17 1205; x_wconf 79' lang='lat'><em>³</em></span> <span class='ocrx_word' id='word_1_37' title='bbox 128 1186 170 1250; x_wconf 75' lang='lat'>10</span> <span class='ocrx_word' id='word_1_38' title='bbox 335 1173 437 1258; x_wconf 89' lang='lat' dir='ltr'>Egeas</span> <span class='ocrx_word' id='word_1_39' title='bbox 457 1185 559 1239; x_wconf 87' lang='lat' dir='ltr'>totum</span> <span class='ocrx_word' id='word_1_40' title='bbox 578 1193 706 1260; x_wconf 80' lang='lat' dir='ltr'><strong>semper</strong></span> <span class='ocrx_word' id='word_1_41' title='bbox 727 1171 762 1238; x_wconf 88' lang='lat' dir='ltr'>in</span> <span class='ocrx_word' id='word_1_42' title='bbox 783 1173 913 1260; x_wconf 90' lang='lat' dir='ltr'>orbem,</span> 
     </span>
    </p>

    <p class='ocr_par' dir='ltr' id='par_1_6' title="bbox 300 1275 988 1372">
     <span class='ocr_line' id='line_1_11' title="bbox 300 1275 988 1372; baseline 0.012 -28"><span class='ocrx_word' id='word_1_43' title='bbox 300 1297 310 1334; x_wconf 64' lang='lat' dir='ltr'>t</span> <span class='ocrx_word' id='word_1_44' title='bbox 330 1277 443 1364; x_wconf 83' lang='lat' dir='ltr'>Mage,</span> <span class='ocrx_word' id='word_1_45' title='bbox 463 1276 493 1343; x_wconf 86' lang='lat' dir='ltr'>si</span> <span class='ocrx_word' id='word_1_46' title='bbox 513 1275 619 1366; x_wconf 75' lang='lat' dir='ltr'>poscis</span> <span class='ocrx_word' id='word_1_47' title='bbox 638 1278 789 1344; x_wconf 88' lang='lat' dir='ltr'>membra</span> <span class='ocrx_word' id='word_1_48' title='bbox 809 1294 988 1372; x_wconf 84' lang='lat' dir='ltr'>perempta.</span> 
     </span>
    </p>
   </div>
   <div class='ocr_carea' id='block_1_5' title="bbox 643 1449 729 1520">
    <p class='ocr_par' dir='ltr' id='par_1_7' title="bbox 643 1449 729 1520">
     <span class='ocr_line' id='line_1_12' title="bbox 643 1449 729 1520; baseline -0.058 -1"><span class='ocrx_word' id='word_1_49' title='bbox 643 1449 729 1520; x_wconf 88' lang='lat'><strong>311.</strong></span> 
     </span>
    </p>
   </div>
   <div class='ocr_carea' id='block_1_6' title="bbox 299 1555 1060 1648">
    <p class='ocr_par' dir='ltr' id='par_1_8' title="bbox 299 1555 1060 1648">
     <span class='ocr_line' id='line_1_13' title="bbox 299 1555 1060 1648; baseline 0.001 -25"><span class='ocrx_word' id='word_1_50' title='bbox 299 1556 343 1623; x_wconf 82' lang='lat' dir='ltr'>In</span> <span class='ocrx_word' id='word_1_51' title='bbox 363 1555 637 1648; x_wconf 83' lang='lat' dir='ltr'>acceptorarium</span> <span class='ocrx_word' id='word_1_52' title='bbox 657 1555 794 1625; x_wconf 80' lang='lat' dir='ltr'>obesum</span> <span class='ocrx_word' id='word_1_53' title='bbox 820 1566 855 1624; x_wconf 82' lang='lat' dir='ltr'>et</span> <span class='ocrx_word' id='word_1_54' title='bbox 875 1555 1060 1644; x_wconf 75' lang='lat' dir='ltr'>infelicem.</span> 
     </span>
    </p>
   </div>
   <div class='ocr_carea' id='block_1_7' title="bbox 209 1669 1167 2182">
    <p class='ocr_par' dir='ltr' id='par_1_9' title="bbox 209 1669 1039 1861">
     <span class='ocr_line' id='line_1_14' title="bbox 209 1669 1039 1757; baseline 0 -21"><span class='ocrx_word' id='word_1_55' title='bbox 209 1672 357 1739; x_wconf 89' lang='lat' dir='ltr'>Pondere</span> <span class='ocrx_word' id='word_1_56' title='bbox 377 1673 431 1738; x_wconf 86' lang='lat' dir='ltr'>vel</span> <span class='ocrx_word' id='word_1_57' title='bbox 453 1671 535 1736; x_wconf 85' lang='lat' dir='ltr'>facto</span> <span class='ocrx_word' id='word_1_58' title='bbox 557 1670 705 1754; x_wconf 88' lang='lat' dir='ltr'>miseras,</span> <span class='ocrx_word' id='word_1_59' title='bbox 732 1672 890 1753; x_wconf 83' lang='lat' dir='ltr'>Martiae,</span> <span class='ocrx_word' id='word_1_60' title='bbox 917 1669 1039 1757; x_wconf 86' lang='lat' dir='ltr'>fatigas,</span> 
     </span>
     <span class='ocr_line' id='line_1_15' title="bbox 210 1774 984 1861; baseline -0.008 -17"><span class='ocrx_word' id='word_1_61' title='bbox 210 1779 362 1844; x_wconf 90' lang='lat' dir='ltr'>Pressura</span> <span class='ocrx_word' id='word_1_62' title='bbox 383 1775 520 1841; x_wconf 85' lang='lat' dir='ltr'>crudelis</span> <span class='ocrx_word' id='word_1_63' title='bbox 541 1774 638 1839; x_wconf 87' lang='lat' dir='ltr'>habes</span> <span class='ocrx_word' id='word_1_64' title='bbox 645 1800 656 1856; x_wconf 83' lang='lat'>3</span> <span class='ocrx_word' id='word_1_65' title='bbox 687 1775 882 1861; x_wconf 79' lang='lat' dir='ltr'>pinguedine</span> <span class='ocrx_word' id='word_1_66' title='bbox 901 1786 984 1838; x_wconf 86' lang='lat' dir='ltr'>tanta</span> 
     </span>
    </p>

    <p class='ocr_par' dir='ltr' id='par_1_10' title="bbox 210 1878 1167 2182">
     <span class='ocr_line' id='line_1_16' title="bbox 210 1878 1056 1969; baseline -0.007 -21"><span class='ocrx_word' id='word_1_67' title='bbox 210 1883 259 1957; x_wconf 83' lang='lat' dir='ltr'>Ut</span> <span class='ocrx_word' id='word_1_68' title='bbox 280 1894 314 1947; x_wconf 91' lang='lat' dir='ltr'>tu</span> <span class='ocrx_word' id='word_1_69' title='bbox 334 1881 392 1963; x_wconf 87' lang='lat' dir='ltr'>sis,</span> <span class='ocrx_word' id='word_1_70' title='bbox 421 1879 538 1944; x_wconf 83' lang='lat' dir='ltr'>frustra</span> <span class='ocrx_word' id='word_1_71' title='bbox 557 1879 697 1945; x_wconf 86' lang='lat' dir='ltr'>maciem</span> <span class='ocrx_word' id='word_1_72' title='bbox 717 1879 879 1969; x_wconf 89' lang='lat' dir='ltr'>patiuntur</span> <span class='ocrx_word' id='word_1_73' title='bbox 900 1878 1056 1966; x_wconf 83' lang='lat' dir='ltr'>iniquam.</span> 
     </span>
     <span class='ocr_line' id='line_1_17' title="bbox 212 1981 1167 2072; baseline -0.004 -17"><span class='ocrx_word' id='word_1_74' title='bbox 212 1987 415 2065; x_wconf 84' lang='lat' dir='ltr'>Debuerant,</span> <span class='ocrx_word' id='word_1_75' title='bbox 443 1981 559 2064; x_wconf 82' lang='lat' dir='ltr'>fateor,</span> <span class='ocrx_word' id='word_1_76' title='bbox 586 1983 690 2072; x_wconf 88' lang='lat' dir='ltr'>magis</span> <span class='ocrx_word' id='word_1_77' title='bbox 710 1985 766 2050; x_wconf 89' lang='lat' dir='ltr'>has</span> <span class='ocrx_word' id='word_1_78' title='bbox 787 1996 839 2049; x_wconf 92' lang='lat' dir='ltr'>tua</span> <span class='ocrx_word' id='word_1_79' title='bbox 859 2006 988 2072; x_wconf 86' lang='lat' dir='ltr'>pascere</span> <span class='ocrx_word' id='word_1_80' title='bbox 1007 1983 1167 2069; x_wconf 87' lang='lat' dir='ltr'>membra,</span> 
     </span>
     <span class='ocr_line' id='line_1_18' title="bbox 212 2087 994 2182; baseline -0.003 -24"><span class='ocrx_word' id='word_1_81' title='bbox 212 2092 260 2158; x_wconf 88' lang='lat' dir='ltr'>Ut</span> <span class='ocrx_word' id='word_1_82' title='bbox 279 2111 457 2178; x_wconf 86' lang='lat' dir='ltr'>numquam</span> <span class='ocrx_word' id='word_1_83' title='bbox 477 2100 607 2182; x_wconf 86' lang='lat' dir='ltr'>possent</span> <span class='ocrx_word' id='word_1_84' title='bbox 625 2087 730 2156; x_wconf 86' lang='lat' dir='ltr'>ieiuna</span> <span class='ocrx_word' id='word_1_85' title='bbox 752 2102 856 2156; x_wconf 87' lang='lat' dir='ltr'>morte</span> <span class='ocrx_word' id='word_1_86' title='bbox 876 2089 994 2179; x_wconf 86' lang='lat' dir='ltr'>perire.</span> 
     </span>
    </p>
   </div>
   <div class='ocr_carea' id='block_1_8' title="bbox 610 2265 726 2353">
    <p class='ocr_par' dir='ltr' id='par_1_11' title="bbox 610 2265 726 2353">
     <span class='ocr_line' id='line_1_19' title="bbox 610 2265 726 2353; baseline -0.017 -17"><span class='ocrx_word' id='word_1_87' title='bbox 610 2342 613 2353; x_wconf 63' lang='grc'><strong>,</strong></span> <span class='ocrx_word' id='word_1_88' title='bbox 638 2265 726 2336; x_wconf 72' lang='lat' dir='ltr'>aaa.</span> 
     </span>
    </p>
   </div>
   <div class='ocr_carea' id='block_1_9' title="bbox 378 2367 995 2472">
    <p class='ocr_par' dir='ltr' id='par_1_12' title="bbox 378 2367 995 2472">
     <span class='ocr_line' id='line_1_20' title="bbox 378 2367 995 2472; baseline -0.002 -36"><span class='ocrx_word' id='word_1_89' title='bbox 378 2369 422 2436; x_wconf 84' lang='lat' dir='ltr'>In</span> <span class='ocrx_word' id='word_1_90' title='bbox 443 2369 593 2438; x_wconf 74' lang='lat' dir='ltr'>vetulam</span> <span class='ocrx_word' id='word_1_91' title='bbox 612 2369 787 2472; x_wconf 63' lang='lat' dir='ltr'>virginem</span> <span class='ocrx_word' id='word_1_92' title='bbox 806 2367 995 2436; x_wconf 82' lang='lat' dir='ltr'>nubentem.</span> 
     </span>
    </p>
   </div>
   <div class='ocr_carea' id='block_1_10' title="bbox 97 2483 979 3937">
    <p class='ocr_par' dir='ltr' id='par_1_13' title="bbox 157 2483 979 2574">
     <span class='ocr_line' id='line_1_21' title="bbox 157 2483 979 2574; baseline 0.001 -25"><span class='ocrx_word' id='word_1_93' title='bbox 157 2523 159 2532; x_wconf 70' lang='lat'>,</span> <span class='ocrx_word' id='word_1_94' title='bbox 217 2483 459 2572; x_wconf 32' lang='lat' dir='ltr'>Virgo„quam</span> <span class='ocrx_word' id='word_1_95' title='bbox 479 2485 678 2574; x_wconf 76' lang='lat' dir='ltr'>Phlegethon</span> <span class='ocrx_word' id='word_1_96' title='bbox 704 2495 799 2550; x_wconf 86' lang='lat' dir='ltr'>vocat</span> <span class='ocrx_word' id='word_1_97' title='bbox 818 2505 979 2567; x_wconf 86' lang='lat' dir='ltr'>sororem,</span> 
     </span>
    </p>

    <p class='ocr_par' dir='ltr' id='par_1_14' title="bbox 97 2587 973 3409">
     <span class='ocr_line' id='line_1_22' title="bbox 97 2587 900 2681; baseline 0.01 -31"><span class='ocrx_word' id='word_1_98' title='bbox 97 2595 100 2601; x_wconf 83' lang='lat'>&#39;</span> <span class='ocrx_word' id='word_1_99' title='bbox 218 2587 346 2652; x_wconf 76' lang='lat' dir='ltr'>Saturni</span> <span class='ocrx_word' id='word_1_100' title='bbox 366 2591 474 2678; x_wconf 89' lang='lat' dir='ltr'>potior</span> <span class='ocrx_word' id='word_1_101' title='bbox 493 2616 609 2681; x_wconf 89' lang='lat' dir='ltr'>parens</span> <span class='ocrx_word' id='word_1_102' title='bbox 630 2602 790 2672; x_wconf 86' lang='lat' dir='ltr'>senectae,</span> <span class='ocrx_word' id='word_1_103' title='bbox 898 2653 900 2658; x_wconf 81' lang='grc'>,</span> 
     </span>
     <span class='ocr_line' id='line_1_23' title="bbox 219 2691 973 2784; baseline 0.007 -28"><span class='ocrx_word' id='word_1_104' title='bbox 219 2691 327 2778; x_wconf 89' lang='lat' dir='ltr'>Quam</span> <span class='ocrx_word' id='word_1_105' title='bbox 348 2693 429 2759; x_wconf 84' lang='lat' dir='ltr'>Nox</span> <span class='ocrx_word' id='word_1_106' title='bbox 449 2707 541 2782; x_wconf 89' lang='lat' dir='ltr'>atque</span> <span class='ocrx_word' id='word_1_107' title='bbox 559 2697 683 2762; x_wconf 90' lang='lat' dir='ltr'>Erebus</span> <span class='ocrx_word' id='word_1_108' title='bbox 703 2697 775 2762; x_wconf 89' lang='lat' dir='ltr'>tulit</span> <span class='ocrx_word' id='word_1_109' title='bbox 796 2695 973 2784; x_wconf 88' lang='lat' dir='ltr'>Chaosque,</span> 
     </span>
     <span class='ocr_line' id='line_1_24' title="bbox 220 2798 934 2888; baseline 0 -24"><span class='ocrx_word' id='word_1_110' title='bbox 220 2799 282 2864; x_wconf 90' lang='lat' dir='ltr'>Cui</span> <span class='ocrx_word' id='word_1_111' title='bbox 303 2820 400 2883; x_wconf 85' lang='lat' dir='ltr'>rugae</span> <span class='ocrx_word' id='word_1_112' title='bbox 419 2799 554 2864; x_wconf 87' lang='lat' dir='ltr'>totidem</span> <span class='ocrx_word' id='word_1_113' title='bbox 575 2824 710 2888; x_wconf 86' lang='lat' dir='ltr'>graves,</span> <span class='ocrx_word' id='word_1_114' title='bbox 743 2813 819 2886; x_wconf 90' lang='lat' dir='ltr'>quot</span> <span class='ocrx_word' id='word_1_115' title='bbox 841 2798 934 2885; x_wconf 85' lang='lat' dir='ltr'>anni,</span> 
     </span>
     <span class='ocr_line' id='line_1_25' title="bbox 221 2901 892 2992; baseline 0.001 -23"><span class='ocrx_word' id='word_1_116' title='bbox 221 2901 284 2969; x_wconf 87' lang='lat' dir='ltr'>Cui</span> <span class='ocrx_word' id='word_1_117' title='bbox 302 2903 407 2968; x_wconf 81' lang='lat' dir='ltr'>vultus</span> <span class='ocrx_word' id='word_1_118' title='bbox 428 2903 568 2992; x_wconf 88' lang='lat' dir='ltr'>Elephas</span> <span class='ocrx_word' id='word_1_119' title='bbox 591 2904 677 2970; x_wconf 88' lang='lat' dir='ltr'>dedit</span> <span class='ocrx_word' id='word_1_120' title='bbox 689 2969 691 2976; x_wconf 85' lang='grc'>,</span> <span class='ocrx_word' id='word_1_121' title='bbox 705 2916 892 2991; x_wconf 87' lang='lat' dir='ltr'>cutemque,</span> 
     </span>
     <span class='ocr_line' id='line_1_26' title="bbox 220 3004 919 3098; baseline 0.007 -27"><span class='ocrx_word' id='word_1_122' title='bbox 220 3005 327 3072; x_wconf 87' lang='lat' dir='ltr'>Mater</span> <span class='ocrx_word' id='word_1_123' title='bbox 347 3004 442 3070; x_wconf 85' lang='lat' dir='ltr'>simia</span> <span class='ocrx_word' id='word_1_124' title='bbox 463 3029 560 3092; x_wconf 92' lang='lat' dir='ltr'>quam</span> <span class='ocrx_word' id='word_1_125' title='bbox 587 3010 709 3074; x_wconf 86' lang='lat' dir='ltr'>creavit</span> <span class='ocrx_word' id='word_1_126' title='bbox 727 3009 815 3074; x_wconf 77' lang='lat' dir='ltr'>arvia</span> <span class='ocrx_word' id='word_1_127' title='bbox 915 3085 919 3098; x_wconf 75' lang='lat'>.</span> 
     </span>
     <span class='ocr_line' id='line_1_27' title="bbox 225 3109 937 3197; baseline 0 -21"><span class='ocrx_word' id='word_1_128' title='bbox 225 3110 418 3176; x_wconf 87' lang='lat' dir='ltr'>Grandaeva</span> <span class='ocrx_word' id='word_1_129' title='bbox 439 3110 475 3174; x_wconf 90' lang='lat' dir='ltr'>in</span> <span class='ocrx_word' id='word_1_130' title='bbox 496 3109 631 3197; x_wconf 88' lang='lat' dir='ltr'>Libycis</span> <span class='ocrx_word' id='word_1_131' title='bbox 653 3133 742 3174; x_wconf 88' lang='lat' dir='ltr'>novo</span> <span class='ocrx_word' id='word_1_132' title='bbox 766 3109 825 3175; x_wconf 91' lang='lat' dir='ltr'>sub</span> <span class='ocrx_word' id='word_1_133' title='bbox 847 3109 937 3194; x_wconf 87' lang='lat' dir='ltr'>orbe,</span> 
     </span>
     <span class='ocr_line' id='line_1_28' title="bbox 224 3213 765 3302; baseline 0 -19"><span class='ocrx_word' id='word_1_134' title='bbox 224 3215 318 3283; x_wconf 90' lang='lat' dir='ltr'>Olim</span> <span class='ocrx_word' id='word_1_135' title='bbox 339 3238 417 3302; x_wconf 90' lang='lat' dir='ltr'>quae</span> <span class='ocrx_word' id='word_1_136' title='bbox 436 3214 540 3280; x_wconf 86' lang='lat' dir='ltr'>decuit</span> <span class='ocrx_word' id='word_1_137' title='bbox 559 3213 676 3281; x_wconf 88' lang='lat' dir='ltr'>marita</span> <span class='ocrx_word' id='word_1_138' title='bbox 693 3214 765 3283; x_wconf 84' lang='lat' dir='ltr'>Diti</span> 
     </span>
     <span class='ocr_line' id='line_1_29' title="bbox 224 3318 880 3409; baseline -0.002 -21"><span class='ocrx_word' id='word_1_139' title='bbox 224 3323 291 3389; x_wconf 90' lang='lat' dir='ltr'>Pro</span> <span class='ocrx_word' id='word_1_140' title='bbox 310 3333 383 3387; x_wconf 88' lang='lat' dir='ltr'>nata</span> <span class='ocrx_word' id='word_1_141' title='bbox 404 3320 532 3386; x_wconf 88' lang='lat' dir='ltr'>Cereris</span> <span class='ocrx_word' id='word_1_142' title='bbox 555 3319 625 3386; x_wconf 89' lang='lat' dir='ltr'>dari</span> <span class='ocrx_word' id='word_1_143' title='bbox 652 3343 712 3409; x_wconf 91' lang='lat' dir='ltr'>per</span> <span class='ocrx_word' id='word_1_144' title='bbox 733 3318 880 3405; x_wconf 84' lang='lat' dir='ltr'>umbras,</span> 
     </span>
    </p>

    <p class='ocr_par' dir='ltr' id='par_1_15' title="bbox 141 3424 918 3937">
     <span class='ocr_line' id='line_1_30' title="bbox 141 3424 901 3515; baseline -0.003 -23"><span class='ocrx_word' id='word_1_145' title='bbox 141 3441 184 3508; x_wconf 89' lang='lat'>10</span> <span class='ocrx_word' id='word_1_146' title='bbox 226 3427 309 3514; x_wconf 86' lang='lat' dir='ltr'>Quis</span> <span class='ocrx_word' id='word_1_147' title='bbox 330 3438 363 3492; x_wconf 89' lang='lat' dir='ltr'>te</span> <span class='ocrx_word' id='word_1_148' title='bbox 391 3437 461 3492; x_wconf 87' lang='lat' dir='ltr'>tam</span> <span class='ocrx_word' id='word_1_149' title='bbox 481 3427 624 3515; x_wconf 88' lang='lat' dir='ltr'>petulans</span> <span class='ocrx_word' id='word_1_150' title='bbox 645 3424 769 3490; x_wconf 89' lang='lat' dir='ltr'>suburit</span> <span class='ocrx_word' id='word_1_151' title='bbox 789 3426 901 3510; x_wconf 88' lang='lat' dir='ltr'>ardor,</span> 
     </span>
     <span class='ocr_line' id='line_1_31' title="bbox 225 3529 915 3620; baseline 0.003 -22"><span class='ocrx_word' id='word_1_152' title='bbox 225 3533 324 3598; x_wconf 92' lang='lat' dir='ltr'>Nunc</span> <span class='ocrx_word' id='word_1_153' title='bbox 343 3554 419 3597; x_wconf 91' lang='lat' dir='ltr'>eum</span> <span class='ocrx_word' id='word_1_154' title='bbox 439 3531 507 3596; x_wconf 91' lang='lat' dir='ltr'>iam</span> <span class='ocrx_word' id='word_1_155' title='bbox 528 3529 662 3618; x_wconf 78' lang='lat' dir='ltr'>exitium</span> <span class='ocrx_word' id='word_1_156' title='bbox 682 3529 740 3594; x_wconf 87' lang='lat' dir='ltr'>tibi</span> <span class='ocrx_word' id='word_1_157' title='bbox 760 3531 915 3620; x_wconf 75' lang='lat' dir='ltr'>supersit?</span> 
     </span>
     <span class='ocr_line' id='line_1_32' title="bbox 228 3633 844 3726; baseline -0.006 -22"><span class='ocrx_word' id='word_1_158' title='bbox 228 3637 286 3704; x_wconf 87' lang='lat' dir='ltr'>An</span> <span class='ocrx_word' id='word_1_159' title='bbox 304 3639 366 3703; x_wconf 88' lang='lat' dir='ltr'>hoo</span> <span class='ocrx_word' id='word_1_160' title='bbox 385 3661 447 3726; x_wconf 89' lang='lat' dir='ltr'>pro</span> <span class='ocrx_word' id='word_1_161' title='bbox 467 3636 559 3702; x_wconf 88' lang='lat' dir='ltr'>titulo</span> <span class='ocrx_word' id='word_1_162' title='bbox 582 3633 669 3724; x_wconf 85' lang='lat' dir='ltr'>cupis</span> <span class='ocrx_word' id='word_1_163' title='bbox 689 3634 844 3723; x_wconf 88' lang='lat' dir='ltr'>sepulcri,</span> 
     </span>
     <span class='ocr_line' id='line_1_33' title="bbox 229 3739 831 3828; baseline -0.003 -20"><span class='ocrx_word' id='word_1_164' title='bbox 229 3740 277 3808; x_wconf 92' lang='lat' dir='ltr'>Ut</span> <span class='ocrx_word' id='word_1_165' title='bbox 296 3752 326 3805; x_wconf 87' lang='lat' dir='ltr'>te</span> <span class='ocrx_word' id='word_1_166' title='bbox 348 3743 472 3828; x_wconf 89' lang='lat' dir='ltr'>cognita</span> <span class='ocrx_word' id='word_1_167' title='bbox 493 3740 581 3807; x_wconf 86' lang='lat' dir='ltr'>fama</span> <span class='ocrx_word' id='word_1_168' title='bbox 600 3739 647 3804; x_wconf 89' lang='lat' dir='ltr'>sie</span> <span class='ocrx_word' id='word_1_169' title='bbox 667 3740 831 3826; x_wconf 85' lang='lat' dir='ltr'>loquatur,</span> 
     </span>
     <span class='ocr_line' id='line_1_34' title="bbox 231 3844 918 3937; baseline 0.006 -26"><span class='ocrx_word' id='word_1_170' title='bbox 231 3844 329 3932; x_wconf 85' lang='lat' dir='ltr'>Quod</span> <span class='ocrx_word' id='word_1_171' title='bbox 347 3859 486 3937; x_wconf 91' lang='lat' dir='ltr'>stuprata</span> <span class='ocrx_word' id='word_1_172' title='bbox 505 3847 580 3914; x_wconf 86' lang='lat' dir='ltr'>viro</span> <span class='ocrx_word' id='word_1_173' title='bbox 601 3859 648 3912; x_wconf 90' lang='lat' dir='ltr'>est</span> <span class='ocrx_word' id='word_1_174' title='bbox 667 3869 744 3912; x_wconf 90' lang='lat' dir='ltr'>anus</span> <span class='ocrx_word' id='word_1_175' title='bbox 764 3844 918 3915; x_wconf 76' lang='lat' dir='ltr'>nocenti?</span> 
     </span>
    </p>
   </div>
   <div class='ocr_carea' id='block_1_11' title="bbox 653 4017 823 4088">
    <p class='ocr_par' dir='ltr' id='par_1_16' title="bbox 653 4017 823 4088">
     <span class='ocr_line' id='line_1_35' title="bbox 653 4017 823 4088; baseline 0.006 -2"><span class='ocrx_word' id='word_1_176' title='bbox 653 4017 740 4088; x_wconf 86' lang='lat'>313·</span> <span class='ocrx_word' id='word_1_177' title='bbox 817 4063 823 4074; x_wconf 85' lang='lat'><strong>·</strong></span> 
     </span>
    </p>
   </div>
   <div class='ocr_carea' id='block_1_12' title="bbox 374 4125 878 4191">
    <p class='ocr_par' dir='ltr' id='par_1_17' title="bbox 374 4125 878 4191">
     <span class='ocr_line' id='line_1_36' title="bbox 374 4125 878 4191; baseline 0 0"><span class='ocrx_word' id='word_1_178' title='bbox 374 4157 376 4164; x_wconf 95' lang='lat'>·</span> <span class='ocrx_word' id='word_1_179' title='bbox 485 4126 530 4190; x_wconf 80' lang='lat' dir='ltr'>In</span> <span class='ocrx_word' id='word_1_180' title='bbox 551 4125 878 4191; x_wconf 83' lang='lat' dir='ltr'>medico-lenonem.</span> 
     </span>
    </p>
   </div>
   <div class='ocr_carea' id='block_1_13' title="bbox 314 4238 983 4328">
    <p class='ocr_par' dir='ltr' id='par_1_18' title="bbox 314 4238 983 4328">
     <span class='ocr_line' id='line_1_37' title="bbox 314 4238 983 4328; baseline 0 -24"><span class='ocrx_word' id='word_1_181' title='bbox 314 4238 411 4325; x_wconf 90' lang='lat' dir='ltr'>Quod</span> <span class='ocrx_word' id='word_1_182' title='bbox 432 4252 463 4304; x_wconf 91' lang='lat' dir='ltr'>te</span> <span class='ocrx_word' id='word_1_183' title='bbox 482 4239 688 4328; x_wconf 89' lang='lat' dir='ltr'>pallidulum,</span> <span class='ocrx_word' id='word_1_184' title='bbox 718 4239 847 4307; x_wconf 85' lang='lat' dir='ltr'>Mariae</span> <span class='ocrx_word' id='word_1_185' title='bbox 865 4249 983 4321; x_wconf 85' lang='lat' dir='ltr'>noster,</span> 
     </span>
    </p>
   </div>
   <div class='ocr_carea' id='block_1_14' title="bbox 189 4343 1059 4518">
    <p class='ocr_par' dir='ltr' id='par_1_19' title="bbox 189 4343 1059 4518">
     <span class='ocr_line' id='line_1_38' title="bbox 189 4343 936 4495; baseline 0.001 -86"><span class='ocrx_word' id='word_1_186' title='bbox 189 4442 214 4495; x_wconf 68' lang='grc' dir='ltr'><strong>Τ</strong></span> <span class='ocrx_word' id='word_1_187' title='bbox 314 4345 431 4412; x_wconf 88' lang='lat' dir='ltr'>Cuncti</span> <span class='ocrx_word' id='word_1_188' title='bbox 451 4358 523 4437; x_wconf 92' lang='lat' dir='ltr'>post</span> <span class='ocrx_word' id='word_1_189' title='bbox 542 4343 678 4412; x_wconf 88' lang='lat' dir='ltr'>totidem</span> <span class='ocrx_word' id='word_1_190' title='bbox 700 4343 767 4411; x_wconf 88' lang='lat' dir='ltr'>dies</span> <span class='ocrx_word' id='word_1_191' title='bbox 788 4347 936 4427; x_wconf 88' lang='lat' dir='ltr'>salutant,</span> 
     </span>
     <span class='ocr_line' id='line_1_39' title="bbox 215 4444 1059 4518; baseline -0.002 -18"><span class='ocrx_word' id='word_1_192' title='bbox 215 4444 261 4500; x_wconf 77' lang='lat' dir='ltr'>‚a</span> <span class='ocrx_word' id='word_1_193' title='bbox 1037 4453 1059 4518; x_wconf 90' lang='lat'><em>9</em></span> 
     </span>
    </p>
   </div>
   <div class='ocr_carea' id='block_1_15' title="bbox 0 0 1542 4820">
    <p class='ocr_par' dir='ltr' id='par_1_20' title="bbox 0 0 1542 4820">
     <span class='ocr_line' id='line_1_40' title="bbox 0 0 1542 4820; baseline 0 0"><span class='ocrx_word' id='word_1_194' title='bbox 0 0 1542 4820; x_wconf 95' lang='lat' dir='ltr'> </span> 
     </span>
    </p>
   </div>
  </div>
 </body>
</html>
