3000 4820
582 234 788 346 „2:42-

222 417 343 484 Potaris
364 432 450 485 recto
471 421 612 506 poteris,
629 423 794 509 Fullonia,
821 425 962 509 Baccho,

264 523 299 586 Si
319 536 409 610 perte
427 524 592 592 horridius
620 527 775 595 inferiore
795 529 894 597 bibas.

645 677 729 749 371·

260 789 315 860 ,In
336 791 514 856 mulierem
528 774 715 880 pulclirom
736 796 889 889 coetitoti
910 799 1107 865 studentem.

225 917 393 982 Pulchrior
414 929 445 982 et
465 915 555 981 nivei
576 937 650 981 cum
670 918 713 984 sit
733 920 794 986 tibi
815 919 922 985 forme
944 923 1078 1007 coloris,

130 1005 133 1010 ¹
267 1022 389 1086 Cuncta
409 1019 580 1108 pudicitiae
599 1020 668 1088 iure
691 1035 798 1090 tenere
819 1025 917 1114 cupis.

225 1126 416 1192 Mirandum
437 1137 497 1208 est,
519 1124 604 1210 quali
624 1139 770 1193 naturam
790 1129 882 1195 laude
902 1131 1073 1217 gubernes,

269 1229 417 1297 Moribus
438 1241 472 1294 ut
491 1229 609 1314 Pallas,
631 1255 765 1322 corpore
782 1235 903 1324 Cyprio
923 1259 985 1309 eas.

145 1349 165 1410 5
229 1337 280 1402 Te
299 1358 402 1421 neque
422 1333 561 1420 coniugii
577 1335 654 1403 libet
674 1339 835 1428 excepisse
853 1341 1019 1426 levamen,

272 1441 401 1529 Saepius
425 1451 553 1528 exoptas
581 1443 669 1507 nolle
688 1444 801 1510 videre
818 1469 934 1513 mares.

230 1550 318 1614 Haec
339 1559 447 1611 tamen
468 1556 516 1609 est
536 1545 645 1611 animo
667 1551 813 1633 quamvis
841 1575 937 1618 exose
958 1555 1119 1640 voluptas:

270 1651 439 1738 Numquid
459 1674 527 1716 non
548 1651 682 1734 mulier,
711 1655 905 1741 comparis,
926 1681 992 1754 esse
1013 1657 1122 1743 potes?

658 1799 742 1870 372

151 1907 205 1972 De
226 1931 263 1973 eo
268 1955 280 1986 ,
304 1907 382 1994 qui,
404 1929 479 1970 cum
491 1904 613 1971 Burdo
628 1904 817 2002 diceretur,
826 1903 936 2004 filice
956 1931 1038 1974 cuae
1053 1907 1248 1996 Pasiphaae

546 2010 664 2052 nomen
686 1989 859 2076 imposuit

235 2091 490 2181 Dirciplinerum
511 2116 577 2157 esse
597 2092 810 2157 hominem
782 2117 924 2181 risusque
948 2117 1112 2182 capacem,

280 2197 376 2282 Quod
400 2195 481 2262 nulli
502 2210 547 2262 est
566 2196 696 2285 pecudi,
727 2197 809 2263 dixit
830 2196 1027 2266 Aristoteles.

237 2302 300 2368 Sed
314 2325 389 2367 cum
401 2303 510 2367 Burdo
524 2299 624 2366 homo
636 2299 685 2383 sit,
707 2323 838 2368 versum
850 2317 896 2370 est
908 2281 1100 2395 sophismate
1118 2324 1250 2382 verum3

278 2409 368 2474 Nem
389 2419 422 2472 et
441 2407 548 2472 ridere
573 2408 652 2472 solet
672 2408 727 2472 vel
747 2406 869 2474 ratione
889 2411 988 2496 viget.

155 2524 176 2587 5
241 2514 387 2580 Surrexit
415 2512 535 2601 duplex
562 2523 672 2576 nostro
692 2511 749 2575 sub
769 2525 917 2605 tempore
935 2527 1130 2596 monstrum,

281 2620 378 2707 Quod
399 2630 487 2706 peter
509 2630 554 2683 est
574 2617 700 2700 Burdo,
721 2618 937 2710 Pasiphaiique
958 2621 1050 2688 redit.

662 2766 748 2838 373·

422 2867 478 2935 De
499 2869 603 2936 laude
622 2895 719 2940 corae
746 2869 992 2959 centumfolioe.

243 2985 338 3050 Hanc
360 2994 434 3070 puto
456 2983 496 3046 de
516 2986 650 3072 proprio
671 2987 766 3051 tinxit
785 2986 836 3050 sol
859 3007 972 3048 aureus¹
991 2993 1077 3064 ortu,

289 3087 357 3153 Aut
379 3109 475 3151 unum
498 3110 540 3152 ex
559 3089 657 3152 radiis
679 3089 791 3154 meluit
811 3111 878 3152 esse
898 3087 972 3150 suis.

246 3194 309 3260 Sed
330 3191 358 3256 si
380 3191 478 3256 etiem
498 3203 626 3256 centum
652 3189 739 3256 foliis
765 3213 837 3258 rosa
858 3188 1013 3278 Cypridis
1036 3198 1129 3269 extat,

288 3296 398 3364 Fluxit
417 3295 453 3362 in
472 3296 532 3362 hec
555 3295 646 3362 omni
665 3295 817 3384 sanguine
836 3308 900 3362 tota
921 3299 1040 3359 Venus.

164 3419 186 3484 ,5
248 3405 337 3471 Haec
355 3403 476 3468 florum
497 3401 599 3478 sidus,
614 3402 692 3468 haec
712 3393 845 3468 Lucifer
870 3400 972 3464 aimus
992 3397 1028 3462 in
1049 3395 1146 3484 agris,

290 3507 376 3574 Huic
397 3508 478 3573 odor
499 3519 529 3573 et
549 3507 639 3572 color
660 3519 722 3588 est,
749 3505 861 3592 dignus
881 3505 1005 3570 honore
1026 3499 1103 3588 poli.

675 3651 759 3728 374

210 3770 266 3840 De
292 3782 408 3838 statua
429 3767 624 3840 Hectorir
610 3796 648 3840 m
668 3771 718 3842 Il
704 3795 776 3922 Ζ,
785 3791 872 3860 quoe
892 3767 987 3836 videt
1000 3761 1170 3832 Achillem
1190 3770 1223 3826 et

663 3881 703 3922 ru

253 3960 370 4026 Ilion
359 3983 396 4026 111
418 3962 564 4028 medium
583 3959 679 4028 Pario
707 3959 746 4022 de
766 3976 932 4022 marmore
951 3947 1042 4018 facti

256 4069 345 4133 Stant
365 4077 478 4132 contra
500 4067 663 4154 Phrygius
686 4063 807 4131 Hector
837 4058 894 4130 rel
915 4055 1032 4122 Graius
1054 4051 1207 4120 Achilles.

257 4167 430 4237 Priamidir
450 4183 584 4262 stetuam
603 4167 659 4232 sed
679 4187 775 4232 veruo
795 4163 892 4228 sudor
908 4161 1058 4240 inundet,

260 4275 302 4340 Et
322 4273 439 4343 falsum
460 4251 550 4345 {ictus
572 4274 694 4340 Hector
713 4267 866 4336 formidat
886 4263 1075 4415 Α(111“1Η1θ(1)11.1ἱ
1113 4313 1115 4320 i
