3000 4820
713 196 918 327 goe...

424 408 516 479 Mori
534 406 701 497 praecipiti
721 409 799 479 furit
820 413 960 497 caballo,

426 514 614 608 Cumllecto
636 513 751 581 melius
771 517 881 604 perire
903 532 1018 608 posset.

660 679 663 686 ·
772 637 861 742 319ss

345 774 390 840 In
411 769 635 848 sacerdotem,
662 769 755 858 quod
773 773 901 840 multas
922 785 1051 842 scortos
1071 776 1194 844 habuit
1211 790 1248 847 *et
1269 805 1326 846 eus

703 858 923 924 custodiebat.

347 960 540 1044 Zelotypus,
562 956 669 1044 plures
690 957 839 1027 incurvas
861 964 955 1030 clune
975 967 1111 1055 puellas:

388 1063 452 1129 Sed
471 1062 561 1126 nulla
581 1073 641 1145 est,
669 1087 748 1150 quae
768 1077 798 1131 te
821 1071 933 1138 sentiat
952 1095 1020 1136 esse
1041 1073 1163 1138 virum.

306 1165 312 1210 5
346 1166 493 1237 Custodis
515 1167 650 1250 clausas,
670 1180 836 1256 tamquam
856 1175 899 1238 'sis
921 1177 1071 1242 olnnibus
1093 1192 1199 1268 aptus:

383 1275 444 1339 Est
463 1284 573 1336 temen
592 1269 735 1340 internus
755 1275 876 1364 Iupiter
896 1303 937 1345 ex
958 1279 1098 1350 famulis.

136 1441 139 1446 ,
257 1396 283 1459 5
350 1375 385 1446 si
405 1376 488 1443 nihil
507 1400 584 1462 ergo
605 1379 709 1461 vales,
732 1402 833 1444 vacuo
855 1404 911 1446 cur
931 1387 1046 1474 arrigis
1063 1411 1161 1476 urge,

384 1485 427 1551 Et
446 1481 524 1547 facis
543 1483 672 1570 ignarus
692 1485 809 1551 mentis
830 1487 1045 1561 adulterium?

762 1657 854 1728 320·

258 1757 545 1830 Anoureoutioum
559 1758 602 1826 iu
619 1758 791 1910 πιειέἰοιιζη
819 1763 1041 1852 uelamentum,
1066 1770 1132 1858 qui
1152 1780 1205 1836 ter
1225 1771 1365 1839 viduum
1487 1777 1489 1798 ¹

702 1857 781 1912 uxzt
802 1873 953 1916 uxorem.

581 1959 658 2026 Post
676 1972 724 2028 tot
742 1965 862 2052 repleta
879 1965 984 2051 busta,

581 2065 625 2128 Et
648 2062 802 2132 funemm
823 2083 964 2156 catervas

582 2163 636 2232 Ao
657 2167 797 2257 dispares
819 2175 967 2259 maritos,
1015 2159 1017 2163 ’
1082 2173 1084 2178 ’

522 2285 529 2302 ’
580 2274 710 2359 Rugosa
730 2269 817 2361 quos
829 2279 970 2365 peremit

580 2378 665 2447 Faus
687 2401 764 2444 anus
784 2380 937 2466 sinistris,
959 2410 961 2420 ·

581 2487 636 2554 Tu
655 2507 757 2568 nunc,
777 2485 945 2574 chirurgo,
966 2501 1092 2576 quartus

581 2589 713 2659 Coniux
732 2604 844 2658 vocate
863 2594 999 2681 plaudis.

581 2699 646 2764 Sed
666 2697 764 2764 vivus
788 2720 821 2762 es
841 2698 996 2786 sepultus,

579 2805 672 2872 Dum
691 2814 795 2891 perte,
824 2825 885 2888 qua
906 2801 1049 2888 decebet,

583 2908 645 2973 Nil
661 2906 802 2972 contines
824 2906 944 2972 mariti.

582 3013 654 3078 Iam
674 3033 790 3094 nosco,
812 3033 868 3075 cur
889 3009 1017 3079 videtur

581 3117 739 3206 Nupsisse
758 3117 856 3182 Paula
873 3141 984 3183 rursus

575 3224 692 3290 Nulli?
725 3221 803 3308 quid
824 3243 900 3308 ergo
921 3221 1019 3292 fecit?

575 3329 704 3398 Mutare
723 3349 805 3392 mox
825 3327 1012 3413 lugubrem,

582 3435 692 3522 Quam
711 3444 905 3520 sumpserat,
926 3435 1052 3522 cupivit
1141 3477 1143 3480 -

574 3540 671 3605 Uxor
691 3533 828 3600 nefanda
848 3549 986 3625 vestem,

572 3643 620 3710 Ut
643 3654 769 3730 quartus
788 3652 880 3728 atque
900 3646 1025 3730 quintus

572 3746 676 3812 Possit
699 3745 812 3812 venire
835 3747 963 3818 coniux.

760 3917 844 3988 321·
875 3931 877 3938 '

245 4013 290 4082 Iu
305 4019 555 4104 pantomimum
566 4021 794 4111 Pygmaeae
822 4049 910 4114 quae
923 4027 1351 4120 Andromoelresfabulam
1430 4067 1433 4070 ·

385 4120 387 4127 '
401 4100 606 4194 frequenter
631 4109 783 4176 saltabat
804 4121 839 4186 et
862 4124 1000 4202 raptum
1022 4116 1188 4184 Helenae.

327 4203 594 4274 Andromachem
616 4223 705 4297 atque
715 4215 875 4280 Helenam
895 4220 984 4286 saltat
997 4220 1190 4288 Macedonio
1209 4245 1349 4314 semper,

366 4309 408 4378 Et
429 4315 542 4402 quibus
563 4317 689 4402 excelso
709 4342 847 4411 corpore
868 4321 974 4390 forme
988 4323 1055 4392 fuit.
