2944 4836
784 219 834 292 84

253 424 339 468 autem
367 409 494 465 Martialis
514 408 632 480 aequalis
653 407 736 462 fuisse
761 408 868 460 dicitrn.
901 407 961 482 Sed?
978 408 1043 460 haec
1068 407 1174 480 quoque
1198 413 1314 482 quaestio
1328 412 1353 466 in

252 503 327 555 nullo
343 500 463 553 inuititur
478 499 659 560 fundament03
676 516 735 549 nam
757 496 783 552 si,
795 495 950 558 Petronius,
972 497 1046 550 cuius
1062 515 1155 554 uersus
1172 521 1187 554 a
1204 501 1355 556 Terentiam

252 593 376 656 citantur,
393 588 441 640 sub
459 586 596 640 Antoninis
613 587 718 636 demum
740 583 820 650 vixit,
842 584 921 636 sicuti
935 583 1035 640 Valerii
1059 595 1088 643 et
1104 590 1271 642 Niebuhrius
1288 590 1355 641 affir-

249 688 364 745 marunt,
394 655 569 729 Terentianus
596 673 703 742 auoque
734 672 845 726 ulterius
867 675 1043 728 removendus
1065 687 1115 738 est.
1163 678 1204 732 cf.
1227 677 1354 732 Niebulrr.

248 769 339 820 Klein.
357 766 434 818 Sehr.
453 766 488 818 T.
505 766 528 817 Ι.
554 782 581 830 p.
600 762 660 816 546.
696 762 754 814 Hos
776 779 867 814 versus
888 761 974 830 ipsum
991 766 1149 834 principium
1166 766 1353 836 opusculorum

247 859 372 911 ruralium
388 854 508 922 Septimii
522 849 670 919 (Gediohte
688 851 755 902 iiber
778 852 821 902 die
840 850 1042 919 Feldarbeiten)
1065 854 1145 905 luisse
1161 855 1227 907 dicit
1243 853 1353 908 chrs-

248 946 356 997 dorfius.
390 942 488 994 Versus
504 949 565 990 sunt
582 938 737 1002 choriambi,
754 957 820 1006 quos
837 942 950 993 servarit
966 939 1139 994 Terentianus
1156 960 1184 1011 p.
1204 944 1249 996 85.

312 1035 339 1084 4.
358 1040 480 1085 reserata
496 1027 632 1099 mugiunt]
656 1028 684 1080 hi
702 1028 786 1096 pedes
802 1029 831 1080 iu
849 1030 1028 1082 choriambico
1046 1040 1134 1083 metro
1152 1030 1253 1100 aliquid
1269 1027 1351 1081 offen-

245 1123 324 1175 sionis
340 1121 446 1185 hahent,
460 1136 538 1188 quam
556 1116 730 1170 Terentianus
749 1119 806 1186 ipse
823 1118 910 1170 statim
926 1118 1012 1170 tollit:
1034 1123 1104 1174 Ecce
1126 1123 1202 1175 vides
1227 1119 1262 1172 ta
1279 1137 1349 1170 rnu-

242 1215 349 1283 giunt
371 1227 428 1261 esse
446 1211 513 1260 duos
530 1205 646 1265 iambosr
675 1205 849 1276 Temporibus
865 1224 981 1277 namque
996 1226 1080 1278 pares
1101 1227 1183 1280 saepe
1199 1209 1255 1262 sibi
1269 1204 1348 1260 airis-

243 1302 295 1352 sim
311 1299 407 1351 cedere
423 1297 468 1350 vel
486 1295 642 1362 tribrachyn
660 1297 804 1347 admittere
817 1313 897 1364 saepe
909 1307 1035 1365 possunt.
1057 1295 1134 1350 Tibi
1160 1309 1257 1352 vetus
1276 1295 1347 1360 aira

243 1389 364 1440 caluit
379 1386 455 1440 Aba
470 1381 476 1454 Ι
491 1385 594 1454 rigineo
611 1382 720 1433 sacello.
755 1383 811 1433 Hic
837 1401 941 1453 quoque
963 1385 1104 1438 succedere
1126 1386 1167 1437 sic
1186 1383 1349 1450 tribrachyn,

242 1471 388 1528 annotabis
403 1477 500 1544 Longa
517 1473 590 1544 quod
605 1482 647 1523 est
664 1472 830 1542 ingeminas
842 1472 936 1540 prima
952 1472 1045 1526 breves
1064 1471 1173 1526 sabatae
1193 1469 1290 1532 Tibis
1307 1469 1346 1520 si-

227 1563 315 1615 rmilis
335 1579 384 1612 nec
406 1561 495 1612 minus
520 1559 608 1612 altera
629 1562 698 1630 pede
715 1559 901 1631 consequenti:
925 1565 976 1614 Ra
1001 1580 1049 1612 ca.
1077 1563 1169 1612 morsui
1192 1563 1251 1613 iarn
1270 1557 1347 1620 satis,
1455 1561 1457 1618 i

240 1652 291 1703 bas
307 1668 387 1719 saepe
404 1645 487 1700 soleri
502 1647 581 1700 solvi.
615 1653 672 1700 Pro
690 1651 780 1702 chorio
800 1649 952 1719 tribrachys
974 1649 1017 1702 bic
1039 1647 1080 1700 bis
1097 1649 1182 1700 datus
1197 1647 1345 1700 invenitur.

239 1739 296 1789 Nec
313 1737 403 1786 minus
422 1734 472 1786 troc
488 1739 541 1787 Ra
567 1736 681 1790 caluit
701 1738 772 1794 Aba
788 1741 892 1811 rigineo
914 1737 1013 1808 sacello
1039 1739 1076 1788 Ut
1099 1737 1206 1788 citerius
1228 1733 1348 1786 solvitur

240 1836 268 1876 et
291 1824 444 1892 tribrachys
465 1832 507 1874 est
530 1823 645 1877 iambus.
670 1853 705 1868 -
744 1826 789 1880 sio
815 1825 1000 1894 Oudendorpii
1026 1824 1213 1889 correctiones,
1234 1838 1297 1890 quas
1317 1821 1349 1874 in

237 1911 310 1965 And.
327 1912 417 1963 Burm·
437 1909 471 1961 Τ.
487 1911 520 1962 Π.
538 1929 566 1980 p.
586 1915 647 1982 7ο5.
672 1915 789 1984 profert,
812 1915 976 1968 necessariae
994 1931 1046 1964 uon
1063 1919 1137 1978 sunt,
1158 1919 1190 1962 ut
1207 1905 1349 1962 Santenius
1456 1905 1457 1910 ’

180 2045 183 2053 s
237 2019 266 2068 p.
284 2002 345 2070 527.
363 1999 504 2052 adnotavit.
540 2000 640 2054 Versus
665 2021 691 2056 2.
717 2003 833 2057 aMerio
851 2019 959 2072 quoque
984 1999 1122 2056 Victorino
1139 1995 1199 2052 Art.
1219 2013 1262 2068 gr.
1286 2013 1345 2066 pag.

166 2139 170 2146 .
237 2091 312 2146 2552.
332 2089 436 2158 citatius,
454 2103 481 2140 v..
500 2088 527 2143 4.
545 2087 645 2143 ibidem
661 2107 690 2159 p.
708 2093 786 2146 2585.
803 2099 831 2146 et
846 2109 875 2145 r.
892 2091 919 2146 5.
937 2107 965 2162 p·
983 2076 1063 2159 2524.

735 2228 838 2341 '192-

300 2373 381 2426 Anth.
399 2373 446 2427 Ill.
463 2373 507 2444 57.
525 2392 561 2428 ex
576 2375 741 2431 'Terentiano
759 2379 854 2431 Mauro
871 2395 898 2447 p.
915 2395 959 2446 9⁰·
995 2375 1096 2430 Versus
1118 2377 1240 2427 ‘comtcnt
1261 2388 1277 2424 a
1293 2369 1343 2424 (12-
1456 2369 1457 2392 l

233 2461 329 2530 ctylica
343 2461 582 2529 hephthememeti.
599 2463 723 2519 Wernsd.
741 2467 817 2518 Poet.
837 2463 871 2516 Τ.
887 2464 910 2516 Ι.
928 2483 957 2532 p.
975 2463 1036 2518 654.

299 2573 326 2614 1.
347 2556 555 2632 inquitatibus]
578 2563 780 2634 Inquit-amicus
791 2560 976 2635 agardamino,
996 2578 1068 2612 sere:
1088 2551 1203 2630 plsaima
1219 2556 1335 2610 reddant.

498 2645 499 2650 ’
578 2649 610 2700 Si
629 2648 692 2702 bene
712 2647 749 2703 mi
761 2648 866 2722 sacras,
890 2645 995 2700 morani
1013 2645 1060 2699 tibi
1076 2644 1175 2701 solvas
1193 2651 1288 2716 grates.

230 2739 308 2811 vulgo
324 2757 458 2826 perverse·
493 2743 572 2798 conf.
590 2745 698 2801 senten.
716 2747 751 2801 ad
768 2765 808 2801 vs.
829 2743 904 2818 1984.

562 2963 566 2970 .
743 2903 763 2970 1
791 2900 827 2970 3.

296 3011 377 3065 Antis.
394 3009 431 3064 11.
447 3011 490 3065 55.
515 3029 551 3065 en
567 3010 648 3067 Plinii
666 3016 743 3084 epist.
767 2900 816 3069 itt.
838 3031 879 3070 ro.
913 3016 957 3068 De
980 3016 1109 3088 Verginio
1126 3015 1198 3070 Rufo
1222 3013 1343 3083 impen-

226 3106 285 3154 tore
302 3100 448 3156 rictorioso
467 3101 622 3158 Plutarchus
640 3101 668 3158 iu
689 3103 776 3158 Galba
794 3123 818 3158 c.
837 3120 878 3160 ro.
896 3105 1023 3176 loquitur

736 3258 756 3325 1
785 3256 819 3327 4.

222 3456 239 3506 b
289 3366 373 3469 nuth.
390 3367 417 3472 Ιὅ
431 3369 474 3420 25.
495 3367 624 3422 Pithoeus
640 3257 792 3424 asteriscu9m
807 3373 942 3444 praefixit,
966 3385 1094 3445 tamquam
1110 3377 1260 3440 suspectum
1279 3369 1345 3424 hs-

242 3471 297 3506 uer

274 3465 318 3596 rii
333 3545 391 3614 aas]
410 3547 456 3598 des
472 3545 688 3606 Oudenchilril
703 3551 864 3606 mutandum.
887 3551 1009 3622 intellige
1026 3553 1126 3608 adeste.
1149 3547 1224 3606 Med.
1243 3548 1346 3606 won-
1453 3419 1457 3638 i

220 3631 278 3685 ker.
293 3630 403 3687 Anoen
420 3652 448 3702 p.
470 3637 529 3705 257.

1417 479 1425 512 Ι

728 3784 748 3861 1
777 3785 810 3862 5·

284 3897 367 3958 Anu.
383 3901 419 3954 Π.
437 3901 498 3958 255.
518 3923 551 3960 ex
567 3905 649 3960 Plinii
667 3791 824 3974 epist9VII.
842 3907 869 3960 4.

286 4003 310 4038 2.
327 3986 411 4043 libros
427 3987 520 4061 Galli]
539 3993 616 4048 Galli
631 3995 715 4049 libros
732 3996 777 4048 ed.
798 3995 874 4067 1476·
892 4010 933 4066 ap.
951 3997 984 4055 B.
1016 3995 1147 4067 Ibtelligit
1162 3992 1244 4049 libros
1262 3993 1341 4048 Ast-

215 4075 254 4128 nii
271 4075 351 4130 Galli.
557 4120 558 4124 ,
892 4079 894 4083 ’

330 4162 388 4234 ille]
407 4167 465 4236 ipse
482 4165 526 4219 ecl.
544 4165 625 4236 princ.
645 4171 722 4242 2472.
741 4171 788 4224 ed.
805 4164 1012 4226 Mediolanensis
1031 4175 1108 4244 2478.

280 4270 307 4305 2.
326 4271 421 4308 rursus
445 4253 477 4306 cle
500 4259 527 4306 c.
555 4251 643 4324 daret]
668 4273 715 4310 ms.
733 4251 871 4312 Mediceus
895 4261 973 4330 proh.
991 4263 1025 4315 Β.
1049 4264 1083 4316 ad
1106 4255 1182 4330 virg.
1200 4259 1273 4316 Geo.
1291 4260 1346 4314 11.

213 4334 283 4404 262,
301 4343 359 4407 quia
375 4341 438 4396 alias
449 4360 554 4414 quoque
571 4341 622 4395 hoc
638 4345 701 4396 fecit
719 4346 823 4399 Gallus.
839 4370 875 4389 -
886 4365 1002 4418 prorsus
1019 4353 1052 4406 ds
1068 4353 1098 4404 G.
1118 4353 1197 4406 daret
1206 4349 1349 4404 Titzius.
