2944 4836
592 138 796 288 ...ng

203 371 231 426 5.
250 371 287 425 ad
304 369 431 443 digitum]
455 369 521 424 conf.
549 368 682 440 Spalding.
708 371 741 424 ald
758 371 850 440 Quint.
870 371 943 427 VIII.
968 377 1001 440 5,
1026 391 1069 426 no.
1092 372 1182 426 Hand.
1207 375 1240 427 ad

133 458 404 513 Τ111111111111Τ.Ι.
423 477 451 527 p.
472 473 530 509 120.
549 455 656 528 Lipsius
672 459 700 511 in
716 459 842 512 Satumal.
859 461 894 514 Π.
913 480 955 514 11.
976 461 1011 517 Τ.
1028 463 1075 514 111.
1093 479 1121 531 p.
1141 462 1200 531 976.

204 564 231 618 9.
250 549 422 618 utrisque-
438 547 570 615 utrisque]
589 547 657 600 Scal.
683 546 795 602 Pluralis
818 551 869 604 hoc
892 568 958 604 uero
980 551 1078 603 nullam
1098 550 1239 604 111111111-

132 638 293 703 sensionem,
316 644 347 686 11
363 637 397 688 ad
415 635 603 705 Quintilianum
619 651 672 686 non
689 637 770 690 semel
792 639 890 690 monui.
926 639 1116 708 11νί119111-
1132 639 1239 692 utrius-

132 745 186 796 que
204 743 263 776 mss.
284 723 361 777 Voss.
382 725 451 777 Sesl.
470 725 579 793 utrique
595 749 629 763 -
645 725 754 794 utrique
769 727 858 794 vulgo.
1068 787 1070 795 Α

201 828 242 866 11.
262 824 288 865 te
303 811 365 879 sub]
383 811 434 866 tibi
450 829 498 864 ms.
516 810 595 866 Voss.
613 813 713 866 Totum
730 811 861 866 distichon
878 814 909 867 ab
927 815 980 868 boc
997 815 1109 870 carmine
1125 817 1238 870 alienum

129 910 206 970 putat
222 900 345 968 Scaliger.

643 1033 726 1104 902·

198 1151 282 1206 111111.
299 1149 346 1203 ΙΙΙ.
365 1167 406 1220 17.
423 1150 620 1219 inscriptionem
637 1149 700 1202 dant
716 1167 778 1202 mss.
794 1148 873 1203 Voss.
892 1150 961 1206 Scal.

200 1257 227 1292 2.
245 1239 349 1306 lentas]
367 1239 460 1293 Heins.
478 1239 565 1292 linias
580 1258 641 1291 mss.
659 1239 737 1293 Voss.
755 1239 823 1292 Scal.
840 1244 951 1309 Lyncus
967 1267 1002 1280 -
1020 1256 1097 1294 more
1113 1261 1165 1312 mg.

129 1347 133 1352 ·
199 1328 226 1380 5.
245 1325 380 1382 intellecto
392 1328 529 1400 principe]
544 1346 596 1380 non
614 1329 706 1398 liquet.
740 1329 771 1381 In
792 1347 840 1379 ms.
859 1329 1059 1382 vindobonensi
1083 1332 1180 1384 nullam
1198 1331 1239 1383 la-

131 1434 225 1469 cunam
241 1415 347 1468 indicuri
363 1420 447 1470 refert
465 1418 606 1470 Kramerus
621 1417 649 1468 in
665 1418 743 1486 libro,
761 1419 807 1486 qui
824 1419 962 1486 inscriptus
986 1426 1038 1471 est:
1069 1417 1123 1470 Die
1146 1419 1237 1472 Haus-

129 1505 239 1559 ehronilr
255 1524 282 1574 p.
300 1505 361 1559 iub·

199 1593 225 1650 6.
242 1613 323 1650 sacru
339 1606 381 1650 est
395 1595 455 1665 vis]
472 1614 553 1651 saera
570 1602 612 1646 est
627 1593 693 1644 boec
710 1607 792 1644 sacra
805 1603 929 1662 potestas
945 1610 993 1644 nus·
1012 1591 1163 1646 Vindobou·

641 1725 726 1794 203.

137 1843 141 1849 ’
197 1845 280 1898 Anus.
297 1843 344 1895 111.
366 1843 406 1894 18.
436 1840 512 1893 Haec
536 1841 590 1892 duo
609 1839 719 1890 disticha
744 1856 799 1891 non
825 1840 968 1892 cohaerent
991 1848 1071 1908 atque
1094 1839 1238 1893 Scriverius
1271 1847 1275 1858 ¹

129 1943 275 2001 separatum
292 1939 432 1996 utrumque
451 1929 536 1980 edidit
551 1929 579 1980 in
595 1927 665 1981 libro
683 1928 899 1997 Spectaculorum
916 1929 951 1980 N.
970 1929 1004 1980 50
1021 1931 1105 1982 1151.

200 2039 224 2074 1.
242 2017 350 2084 subitis]
369 2018 525 2070 omninibus
545 2035 598 2069 non
614 2017 753 2070 meditatis·
786 2040 790 2047 ·
871 2003 875 2010 ¹

196 2108 223 2160 5.
241 2109 406 2160 virtutis-
422 2107 550 2174 secunda]
568 2108 682 2160 virtutis
699 2107 882 2159 -secundae
903 2106 995 2158 Heius.
1017 2106 1134 2160 “victoris
1151 2103 1238 2175 samu

128 2197 246 2248 secunda
263 2195 416 2249 Scriverius.
451 2195 618 2249 Oceumbere
639 2192 745 2248 fortiori
762 2193 877 2248 dedecus
893 2212 945 2248 non
963 2203 1012 2265 est,
1029 2194 1076 2246 sed
1093 2203 1170 2263 turpe
1189 2205 1236 2264 est,

29 2343 34 2352 ,
129 2285 226 2340 cedere
242 2285 346 2339 minori.

640 2417 730 2491 204·

196 2533 279 2591 111111.
298 2533 347 2588 lv.
366 2533 426 2590 245.
443 2533 524 2587 Extat
540 2533 610 2586 inter
625 2532 755 2610 Martialis
774 2534 958 2604 epigrammata
975 2532 1023 2587 lib·
1041 2533 1064 2586 1.
1085 2549 1141 2602 1¹7·

196 2639 220 2675 1.
239 2623 514 2690 henou]n1s.Palat.
533 2622 666 2674 Heinsius.
685 2623 784 2676 bonore
800 2622 890 2690 vulgo.

195 2727 222 2762 2·
237 2709 340 2778 pauco]
354 2709 454 2777 pulcra
470 2727 530 2760 mss.
549 2721 591 2776 ap.
608 2707 756 2762 Labbeun.

197 2795 224 2846 4·
243 2795 306 2862 erit]
317 2793 382 2865 fert
397 2794 531 2850 Labbeus.

196 2882 223 2934 6.
243 2881 352 2949 serviet]
369 2882 484 2936 sorices.
500 2885 604 2938 seruiat
619 2883 708 2954 vulgo.

642 3031 727 3108 205·

195 3151 237 3204 Ex
253 3149 391 3203 Addendis
413 3151 552 3205 Burmanni
576 3152 610 3206 T.
632 3152 655 3204 1.
673 3169 700 3220 p·
721 3149 781 3220 739.
809 3153 909 3220 recepi.
934 3153 973 3205 Μ.
992 3153 1114 3208 Valerius
1131 3152 1234 3204 Probus

128 3240 305 3311 grammaticus
323 3241 393 3292 inter
417 3259 488 3294 suam
511 3250 626 3294 aetatem
648 3239 792 3311 praestanti
812 3241 919 3294 scientia
934 3243 986 3293 fuit
1003 3241 1094 3294 Gellio
1114 3249 1183 3291 teste
1207 3241 1234 3290 in

130 3333 210 3384 Noct.
229 3331 286 3382 Ast.
310 3329 359 3383 lv.
378 3345 403 3398 7·
435 3330 460 3382 Is
485 3330 551 3383 vixit
567 3332 614 3384 sub
632 3331 739 3384 Nerone
755 3332 907 3400 multosque
924 3331 1031 3400 reliquit
1048 3331 1138 3394 libros,
1156 3330 1200 3396 qui
1219 3348 1233 3380 a

25 3450 28 3456 -
130 3421 219 3472 Gellio
236 3419 345 3487 aliisque
361 3417 532 3486 scriptoribus
548 3420 695 3472 laudantur.
730 3418 771 3471 Ac
788 3419 851 3470 libri
874 3419 927 3470 duo
945 3420 1174 3473 Grammaticsrum
1187 3418 1233 3470 Iu-

129 3510 290 3560 stitutionum
309 3517 337 3560 11
353 3525 419 3559 unus
436 3506 470 3558 ds
487 3508 557 3559 notis
575 3507 752 3560 Romanorum
775 3509 844 3559 liber
865 3509 952 3560 eidem
974 3509 1055 3573 vulgo
1072 3507 1230 3558 tribuuntur.

128 3595 162 3646 Hi
180 3612 270 3646 versus
293 3596 325 3646 ad
345 3595 520 3647 Caelestinum
542 3597 708 3664 prooemium
731 3606 791 3649 sunt
813 3597 920 3650 illarum
943 3596 1143 3648 institutionum.
1178 3596 1232 3646 Sed

128 3683 175 3735 hos
191 3682 272 3734 libros
290 3683 357 3734 alius
375 3700 431 3734 esse
447 3686 621 3751 grammatici,
646 3685 718 3738 idem
735 3705 831 3738 nomen
847 3685 977 3752 ferentis,¹
994 3694 1019 3735 at
1041 3687 1124 3737 multo
1141 3701 1233 3736 recen-

129 3772 214 3836 tioris,
249 3787 312 3822 vere
337 3769 530 3826 Lindemannus
554 3773 632 3826 Tem.
645 3767 646 3774 ¹
661 3776 685 3828 1.
727 3775 851 3844 Corporis
881 3775 1113 3827 Grammaticorum
1134 3791 1162 3842 p.
1187 3774 1230 3840 59.

128 3843 167 3914 bis
184 3859 271 3911 verbis
289 3858 367 3910 dicit:
382 3860 526 3928 „Sequitur
542 3861 593 3915 iam
609 3864 720 3930 Probus,
736 3883 790 3916 uon
805 3863 853 3917 ille
871 3863 977 3932 quidem
994 3862 1111 3930 antiquus
1120 3861 1157 3913 M.
1175 3860 1231 3912 Va-

129 3949 223 4018 „lerius
235 3947 347 4014 Probus,
367 3965 446 4016 quem
457 3948 598 4002 Suetonius
614 3952 642 4004 in
657 3953 752 4005 libello
770 3954 805 4003 de
822 3971 930 4019 gramm.
943 3953 1025 4004 illust.
1051 3971 1074 4003 c.
1093 3951 1136 4000 24.
1156 3948 1230 3998 nimis

128 4056 222 4107 „pauca
239 4048 267 4088 et
285 4037 379 4103 exigua
397 4038 431 4088 de
454 4039 605 4106 quibusdam
627 4042 731 4093 minutis
750 4042 951 4110 quaestiunculis
969 4041 1087 4094 edidisse
1112 4044 1229 4101 testatur,

128 4127 189 4191 „sed
205 4125 278 4176 hand
296 4124 376 4176 dubie
393 4127 477 4178 serior
494 4126 598 4195 quidam
610 4129 726 4180 eiusdem
741 4129 877 4182 nominis“.

192 4214 219 4264 5.
238 4211 379 4284 savorem]
396 4212 499 4284 favore
519 4215 609 4284 vulgo.
646 4218 720 4269 Ordo
742 4218 880 4270 verborum
904 4229 958 4271 est:
993 4223 1051 4288 Quo
1075 4213 1230 4266 cumulante

131 4303 193 4354 mili
205 4299 347 4372 favorem,
362 4299 484 4385 fortuna
506 4303 583 4358 baud
597 4306 687 4360 invita
708 4322 766 4360 sese
783 4307 871 4378 dedit,
896 4309 965 4361 milti
987 4301 1230 4372 condensarum,
