2992 4826
778 227 830 311 aa
957 207 961 214 ⁴

700 319 910 346 -ι-σβ

315 430 360 500 Et
378 428 478 496 Diras
501 424 580 493 alies
596 447 768 518 opponere
787 437 819 494 et
838 425 992 518 auguribus
1008 449 1140 522 angues,

253 552 296 618 10
314 536 423 625 Atque
442 556 549 601 novos
569 532 692 625 gladios
713 530 865 622 peiusque
885 535 1051 626 ostendere
1069 537 1195 622 letum?

316 643 421 710 Saeva
440 649 572 723 canent,
597 637 755 704 obscoena
775 650 890 706 canent
908 635 1082 734 foedusque
1102 645 1302 736 hymenaeos
1426 722 1432 731 ,

316 747 444 816 Uxoris
463 743 571 835 pueri,
596 739 735 812 Veneris
755 759 966 819 monumenta
985 747 1160 824 nefandael

317 855 380 922 Nil
397 853 507 921 Musas
527 847 678 916 cecinisse
698 847 809 938 pudet,
831 871 893 918 nec
913 850 1057 920 nominis
1078 855 1161 934 olim

316 957 467 1046 Virginei
487 953 654 1043 famaeque
674 950 764 1020 iuvet
782 955 970 1024 meminisse
994 958 1140 1048 pudoris.

254 1077 298 1140 15
319 1063 392 1130 Aht
424 1062 530 1154 pudor
550 1059 706 1130 extinctus
728 1060 898 1150 doctaeque
917 1059 1054 1132 infamia
1071 1067 1183 1135 turbae

317 1167 384 1234 Sub
404 1167 495 1234 titulo
518 1177 677 1256 prostant,
704 1177 748 1251 et,
770 1169 839 1254 quis
859 1191 958 1260 genus
981 1171 1020 1236 ab
1041 1171 1122 1240 Iove
1140 1189 1282 1260 summo,

313 1272 382 1348 Res
401 1271 576 1340 hominum
593 1294 691 1362 supra
711 1283 838 1340 evectae
858 1285 890 1338 et
909 1275 1028 1356 nullius
1053 1292 1190 1366 egentes,

83 1425 85 1432 ι
176 1363 196 1444 s
318 1377 404 1446 Asse
422 1392 549 1444 merent
569 1371 631 1444 vili
652 1398 688 1444 ac
710 1388 817 1442 sancto
837 1399 872 1442 se
892 1400 1030 1469 corpore
1051 1382 1191 1450 foedant.

172 1561 174 1568 y
319 1483 449 1550 Scilicet
467 1495 519 1550 aut
536 1483 653 1551 Menae
674 1477 781 1548 faciles
802 1504 917 1570 parere
936 1486 1074 1574 superbo

254 1601 297 1666 20
318 1589 388 1656 Aut
406 1603 485 1656 nutu
505 1584 680 1676 Polycleti,
702 1598 732 1652 et
753 1609 847 1676 parca
867 1588 960 1656 lande
980 1589 1099 1676 beatae,

317 1695 429 1790 Usque
449 1695 528 1762 adeo
549 1695 689 1762 maculas
710 1693 823 1760 ardent
843 1689 879 1760 in
898 1693 1004 1762 fronte
1020 1709 1160 1764 recentes

317 1799 530 1888 Hestemique
551 1799 652 1867 Getae
672 1799 781 1868 vincla
801 1811 833 1867 et
852 1801 986 1891 vestigia
1006 1801 1110 1890 flagri.

319 1906 409 1995 Quin
429 1907 527 1974 ctiam
547 1919 674 1993 panem
695 1908 813 1981 oblitae
831 1917 862 1975 et
882 1922 1014 1996 cognata
1034 1909 1170 1976 deorum

318 2012 467 2078 Numina
488 2022 519 2074 et
540 2011 706 2097 antiquum
728 2027 828 2080 castae
848 2013 971 2105 pietatis
991 2015 1163 2096 honorem,

255 2124 299 2190 25
319 2116 425 2181 Proh!
452 2113 552 2186 finias
571 2125 606 2180 et
626 2131 773 2182 monstra
794 2122 903 2188 colunt
923 2121 1100 2209 inpuroque
1119 2115 1223 2206 turpia

318 2219 395 2286 Fata
414 2219 637 2286 vocant-Titii
656 2224 820 2308 mandata,
842 2237 889 2307 et,
910 2225 1067 2311 quidquid
1087 2220 1230 2308 Olympi
1249 2235 1306 2298 est,

319 2315 584 2412 Transscripse're
604 2325 726 2392 Erebo.
767 2329 905 2415 Iamque·
921 2324 1011 2413 inpia
1030 2345 1153 2412 ponere
1172 2321 1292 2412 templa

320 2428 557 2516 sacrilegasque
578 2429 695 2504 audent
714 2451 799 2516 aras,
824 2433 976 2518 coeloque
996 2427 1141 2517 repulsos

174 2587 176 2594 Α
319 2532 496 2620 Quondam
513 2531 708 2622 Terrigenas
726 2533 849 2624 superis
870 2526 1028 2624 inponere
1046 2530 1165 2620 regnis,

257 2653 301 2721 30
322 2639 396 2730 Qua
415 2639 505 2728 licet,
531 2651 562 2708 et
582 2639 830 2710 solidoverbis
850 2639 1009 2710 inluditur
1028 2631 1112 2706 orbi.

655 2879 973 3076 Septiniiiiderent.

362 3128 440 3198 Iane
459 3142 565 3220 pater,
585 3131 663 3198 Iane
683 3143 794 3218 tuens,
814 3129 903 3198 Diva
923 3129 1049 3218 biceps,
1075 3121 1248 3212 biformis,

364 3235 396 3300 Ο
419 3248 485 3300 cate
508 3261 620 3302 rerum
641 3249 744 3322 sator,
772 3259 792 3302 o
815 3234 1014 3324 principium
1040 3235 1187 3317 deorum,

366 3339 507 3406 Stridula
528 3340 580 3406 cui
599 3341 731 3423 limina,
761 3339 813 3408 cui
834 3338 974 3405 cardinei
998 3337 1161 3419 tumultus,

366 3444 429 3509 Cui
450 3457 590 3512 reserata
611 3445 759 3534 mugitmt
779 3467 875 3511 aurea
896 3444 1030 3509 claustra
1049 3439 1180 3508 mundi:

367 3547 447 3617 Tibi
468 3563 559 3623 vetus
581 3571 636 3618 ara
656 3549 751 3618 caluit
769 3546 974 3636 Aborigineo
995 3545 1120 3614 sacello.

776 3766 862 3850 192·

659 3871 821 3966 Septimii
844 3871 975 3944 Sereni.
1050 3897 1051 3905 ¹

555 4021 664 4111 Inquit
688 4025 810 4092 euricus
838 4045 913 4112 ager
933 4018 1084 4090 domino:

436 4160 441 4171 ·
556 4126 593 4192 Si
612 4126 695 4196 bene
715 4127 764 4198 mi
787 4123 900 4214 facias,
925 4127 1075 4203 memini.

556 4228 658 4304 Pinea
674 4233 806 4301 brachia
826 4257 903 4304 cum
917 4233 1086 4323 trepidant,

556 4331 669 4406 Audio
693 4335 884 4411 cauliculum
905 4335 1064 4428 Zephyri.

1352 1096 1363 1145 l

1483 1001 1489 1096 t]
