2992 4826
229 423 321 490 Misit
340 421 481 511 utrisque
499 419 594 490 rudes
614 430 648 488 et
668 419 790 506 palmas
811 422 927 504 Caesar
948 427 1096 513 atriaque.

147 541 189 602 10
273 531 346 594 Hoc
365 528 506 619 pretium
527 526 629 596 virtus
651 525 816 614 ingeniosa
836 526 920 594 tulit.

230 634 370 722 Contigit
392 633 456 699 hoe
476 634 567 699 nullo
589 631 653 698 nisi
673 645 703 700 te
723 629 781 694 sub
806 629 971 723 principe,
992 633 1120 723 Caesar,

272 741 358 806 Cum
380 737 443 805 dno
462 748 658 828 pugnarent,
684 735 790 802 victor
813 747 944 824 uterque
965 737 1032 811 fnit.

490 993 542 1061 ML
567 991 609 1062 V
605 887 913 1062 ateiiiiittarriatis

450 1099 484 1152 de
502 1098 615 1165 damme,
640 1113 716 1170 quom
734 1095 829 1152 Caesar
845 1097 954 1150 dimisit.

230 1199 364 1276 Concita
384 1199 510 1266 veloces
532 1194 654 1284 fugeret
675 1217 750 1262 eum
771 1195 902 1270 damma
924 1195 1086 1268 Molossos

271 1304 313 1375 Et
330 1304 421 1372 varia
441 1303 539 1370 lentas
559 1313 699 1370 necteret
719 1313 786 1370 arte
805 1324 926 1395 moras,

229 1411 371 1498 Caesaris
392 1409 580 1501 antepedes
601 1407 738 1498 supplex
758 1407 937 1497 sinatisque
960 1412 1085 1496 roganti

273 1515 436 1600 Constitit,
463 1527 494 1582 et
511 1513 726 1651 praedam
689 1536 758 1580 non
778 1513 907 1600 tetigere
929 1536 1031 1589 canes.

143 1695 166 1762 5
270 1687 361 1752 Haec
380 1683 541 1752 intellecto
561 1682 710 1773 principe
732 1679 818 1750 dona
836 1681 919 1748 tulit.

227 1792 360 1859 Numen
378 1789 472 1856 habet
492 1791 629 1868 Caesar3
654 1809 744 1852 sacra
764 1798 811 1850 est
831 1785 899 1870 vis,
922 1807 1011 1851 sacra
1028 1787 1171 1874 potestas.

271 1896 417 1979 Credite,
443 1893 577 1962 mentiri
598 1915 667 1959 non
688 1889 833 1956 didicero
852 1887 950 1964 ferae.

481 2147 523 2216 M
525 2189 534 2210 ι
563 2143 599 2215 V
600 2039 916 2216 aleidigluartiatis.

231 2268 284 2334 Da
304 2265 435 2334 veniam
455 2261 583 2328 subitis:
605 2284 672 2328 non
695 2259 892 2352 displicuisse
912 2276 1061 2349 meretur,

270 2371 423 2455 Festinat,
444 2369 577 2449 Caesar,
601 2365 656 2455 qui
678 2367 832 2456 placuisse
848 2368 919 2448 tibi,

175 2471 181 2479 ’
229 2475 353 2542 Cedere
373 2473 491 2541 maiori
511 2471 640 2540 virtutis
661 2467 748 2538 fama
767 2473 904 2542 secunda
926 2487 981 2552 est,

271 2581 332 2647 Illa
353 2581 460 2670 gravis
480 2579 589 2670 palma
609 2589 674 2663 est,
702 2601 800 2670 quam
819 2579 931 2646 minor
953 2581 1049 2650 hostis
1070 2581 1172 2653 habet.

489 2837 542 2906 M.
567 2833 709 2906 Valerii
730 2835 914 2905 Martialis

547 2939 711 3012 epitaphium
725 2939 860 2995 Antullae.

228 3031 305 3100 Hoc
324 3055 439 3099 nemus
460 3043 589 3097 aeterno
611 3027 758 3091 cinerum
780 3026 918 3093 sacravit
941 3025 1059 3094 honori

143 3169 169 3190 ι
270 3135 409 3203 Faenius
431 3147 461 3200 et
482 3133 557 3199 culti
577 3132 689 3218 iugera
711 3149 811 3216 pauca
831 3127 904 3193 soli.

230 3243 305 3310 Hoc
324 3240 440 3328 tegitur
462 3239 525 3306 cito
545 3247 638 3320 rapta
658 3232 723 3298 suis
744 3230 879 3303 Antulla
898 3230 1055 3320 sepulcro,

272 3349 349 3417 Hoc
369 3347 430 3414 erit
449 3343 607 3415 Antullae
624 3337 746 3406 mixtus
764 3349 895 3426 uterque
913 3359 1040 3428 parens,

145 3459 169 3549 5.-
233 3457 269 3523 Si
290 3453 376 3544 cupit
394 3453 481 3518 hunc
501 3446 632 3537 aliquis,
652 3467 773 3510 moneo
794 3467 836 3510 ne
849 3455 968 3534 speret,
998 3445 1151 3532 agellum:

270 3563 428 3651 Perpetuo
449 3552 592 3624 dominis
612 3551 732 3618 serviet
753 3550 813 3617 iste
832 3549 907 3618 suis.

663 3697 747 3774 205·

500 3811 555 3879 M·
581 3808 750 3880 Valerius
769 3805 908 3878 Prosus

585 3917 619 3969 ad
636 3913 823 3968 Caelestinum.

213 4018 338 4108 Accipe
357 4027 547 4082 nostrates
486 4014 714 4082 tuisaudacius
736 4009 849 4078 edita
838 4009 941 4094 rumis,
1011 4047 1016 4054 -

135 4157 139 4162 ¹
214 4125 391 4192 Caelestino
411 4134 541 4212 potens,
565 4131 595 4184 et
616 4115 806 4186 mentibus
795 4139 902 4184 msere
922 4114 1015 4184 diora,

216 4231 291 4319 Quo
313 4229 494 4298 cumulante
514 4224 598 4291 mihi
618 4245 746 4312 semper
766 4218 894 4290 fortuna
917 4221 1067 4289 favorem

216 4335 314 4405 Hand
333 4332 437 4404 invita
458 4331 544 4398 dedit
565 4351 650 4412 sese,
671 4325 843 4397 eomitante
862 4328 1015 4420 benigno,
