3000 4820
595 233 802 340 „ass-

227 427 314 492 Huic
334 427 362 493 si
383 426 467 493 forre
488 425 600 513 aliquis
621 425 703 496 nolit
723 425 815 511 dare,
842 427 912 494 sive
931 447 1094 519 repugnet,

268 531 352 598 Vim
372 529 465 616 facit,
484 543 516 598 et
536 531 651 598 clamat
669 533 754 618 regis
773 533 919 600 habenda
940 535 1049 604 minis.

143 647 165 708 5
229 635 316 722 Quid
338 635 466 724 gravius
488 633 593 702 hostes
616 635 755 702 furaxve
778 637 970 707 latrunculus
993 641 1106 732 inplet,
1162 729 1165 736 .

269 743 362 810 Talia
382 741 412 808 si
432 741 582 808 dominus
606 755 698 831 atque
718 741 865 810 minister
886 747 972 834 ugit?

656 927 741 998 353.

531 1030 588 1099 De
614 1035 728 1102 eodem
747 1036 863 1104 aliter.

225 1162 313 1226 Cum
334 1158 463 1226 famulis
486 1158 617 1247 telisque
637 1159 746 1229 furens
766 1159 942 1253 penetralia
964 1177 1073 1232 crurcta

268 1265 435 1354 Eutychus
457 1263 608 1358 irrumpit
635 1265 822 1356 divitiasque
842 1265 936 1356 rapit.

225 1373 323 1436 Hunc
343 1371 449 1438 nullus
474 1372 626 1438 vestire
646 1398 777 1464 parens,
805 1399 872 1441 non
893 1373 1002 1442 forsan
1023 1377 1156 1464 amicus,

267 1476 416 1543 Deterior
437 1477 585 1567 precibus
604 1479 746 1545 redditus
766 1477 822 1544 ille
843 1492 963 1546 manet.

140 1593 163 1655 5
226 1582 319 1668 Quae
337 1597 409 1650 sunt
430 1609 506 1674 ergo
528 1609 642 1652 manus
664 1598 716 1651 aut
732 1583 835 1650 ferrea
856 1585 916 1650 tela
937 1584 1077 1669 ferenda,

268 1689 392 1776 Quisve
409 1691 489 1756 aries
511 1692 626 1774 talem,
648 1691 775 1779 quodve
796 1690 927 1776 repellat
949 1691 1050 1777 opus?

223 1796 310 1862 Huic
330 1795 359 1860 si
381 1817 478 1860 nemo
500 1807 602 1883 potest
619 1797 698 1860 ullas
721 1816 885 1882 opponere
906 1792 1008 1876 vires,

266 1901 376 1967 Obvia
396 1900 460 1966 sint
481 1901 530 1967 illi
551 1898 689 1965 fulmina
709 1898 778 1963 sola
800 1896 865 1962 dei!

650 2084 735 2160 354·

139 2192 184 2258 In
205 2214 301 2276 eum,
328 2195 403 2284 qui,
426 2205 467 2261 ut
484 2193 598 2260 senior
617 2193 689 2260 dici
708 2193 826 2276 nollet,
857 2193 985 2260 multos
1000 2194 1066 2263 sibi
1084 2198 1246 2268 consutas

342 2297 519 2387 jaciebat,
549 2309 584 2365 et
604 2299 766 2368 horrebat
786 2323 888 2366 senex
906 2300 1034 2368 vocari.

222 2423 364 2492 Accusas
385 2424 535 2515 proprios
560 2449 616 2494 our
643 2427 741 2514 longo
761 2451 802 2494 ex
819 2439 966 2518 tempore
986 2451 1093 2511 canos,

266 2533 352 2598 Cum
373 2533 415 2598 sis
440 2532 609 2599 Phoenicis
627 2533 781 2622 grandior
802 2557 820 2598 a
840 2533 955 2601 senio?

222 2638 266 2702 Et
286 2637 406 2724 quoties
428 2639 555 2704 tardam
576 2638 699 2726 quaeris
721 2639 824 2704 celare
846 2651 1016 2726 senectam,

264 2741 433 2806 Pellicibus
453 2743 562 2809 multis
582 2755 614 2809 te
637 2741 713 2809 facis
736 2767 803 2809 esse
821 2743 944 2810 virum.

137 2857 160 2917 5
222 2847 387 2912 Incassum
405 2869 555 2935 reparare
577 2861 665 2936 putes
684 2850 744 2916 hac
764 2846 877 2913 fraude
897 2846 1072 2914 iuventam.

183 3000 185 3008 ,
265 2951 394 3016 Harum
413 2952 507 3018 luxus
531 2953 610 3040 agit,
637 2953 681 3020 sis
701 2953 809 3040 gravis
830 2963 881 3018 aut
900 2950 1020 3016 senior.
1141 3033 1143 3040 Ι

651 3136 735 3212 355.

147 3301 151 3309 ι
220 3263 309 3330 Item
329 3275 369 3330 ut
392 3286 519 3354 supro,
541 3263 632 3354 quod
650 3289 686 3332 se
700 3263 790 3331 mori
809 3283 997 3350 numquam
1018 3259 1156 3327 diceret.
1225 3313 1228 3320 ⁴

222 3387 390 3476 Quantum
415 3372 480 3459 tres
501 3390 626 3459 Priami
648 3392 822 3480 potuissent
839 3388 954 3456 vivere
975 3387 1111 3471 mundo,

262 3495 332 3564 Aut
354 3512 508 3586 quantum
529 3497 645 3564 cornix
664 3511 756 3585 atque
777 3494 903 3585 elephas
923 3504 1080 3582 superest,

220 3600 361 3670 Tantam
384 3605 463 3670 dum
486 3625 635 3670 numeres
660 3604 817 3689 longaeva
844 3612 940 3666 aetate
960 3611 1130 3681 senectam,

262 3706 313 3772 Te
333 3732 512 3797 numquam
538 3707 649 3776 firmas
670 3709 809 3774 'l'ertara
830 3727 921 3795 posse
941 3703 1017 3794 pati.

15 3805 16 3808 ¹
135 3825 157 3887 5
218 3813 261 3878 Et
282 3813 384 3878 credis
406 3814 578 3882 Lachesim
599 3828 778 3902 numquam
797 3825 850 3879 tua
870 3831 1025 3900 rumpere
1044 3807 1117 3894 fata,

261 3917 468 4030 Aeternopue
488 3930 579 4008 putas
600 3919 736 3986 stamine
763 3918 818 3985 fila
836 3916 929 3984 trahi.

219 4023 379 4111 Quemvis
400 4026 506 4104 tarda,
533 4025 593 4090 tibi
614 4026 721 4092 veniet
744 4049 835 4092 mors
856 4024 970 4092 ultima
990 4022 1129 4106 tandem,
1194 4053 1198 4058 ¹

262 4131 349 4196 Cum
369 4130 474 4217 magis
494 4130 609 4196 oblitus
630 4131 773 4220 coeperis
794 4155 862 4196 esse
881 4131 937 4197 tui.

132 4223 141 4236 ⁸
217 4235 307 4302 Nam
328 4259 432 4325 poena
454 4248 501 4301 est
518 4235 642 4325 potius,
664 4235 788 4302 morbis
810 4237 987 4326 producere
1006 4235 1119 4300 vitam.

132 4354 175 4417 10
260 4340 359 4428 Quod
380 4365 449 4407 non
469 4363 598 4432 semper
618 4341 728 4422 habet,
748 4342 884 4428 tristius,
910 4363 977 4406 esse
997 4338 1072 4419 diu,
1097 4349 1154 4402 est.
1252 4418 1256 4430 ¹
