3000 4820
581 216 785 318 A&

158 425 167 436 ¹
218 401 378 470 Amatam
398 415 570 471 orassemus
591 413 689 487 amet,
714 401 853 470 saxatilis
873 423 1018 489 anguem,

136 547 148 568 1
260 507 429 574 Limaeam
448 509 566 598 pariter
585 527 671 574 nunc
691 506 753 571 sibi
773 518 873 572 uuus
892 519 985 590 petat,

218 610 356 700 Altaque
374 613 519 702 iungatm
538 613 601 679 viti
617 635 692 678 cum
712 613 810 700 vulpe
827 613 945 694 leaena,

135 723 178 787 20
260 715 466 806 Perspicuum
485 718 620 804 lyncem
639 716 752 808 simius
773 716 912 804 accipiat.

215 823 366 910 iungatur
384 845 471 887 nuno
491 843 587 886 cerva
608 822 714 904 asino,
736 844 823 886 nuno
843 821 933 908 tigris
955 795 1087 912 ontigrc,
1197 854 1199 868 ·

259 927 409 1013 Iungatur
428 923 512 991 fesso
533 925 654 992 concita
674 925 767 990 dama
787 924 878 998 bovi.

219 1031 415 1098 Nectareum
435 1029 549 1095 vitient
568 1053 653 1096 nuuc
671 1030 771 1095 lusere
792 1042 870 1098 tetra
889 1043 1040 1115 rosatum,

264 1132 427 1218 Mellaquc
448 1156 522 1198 cum
541 1132 624 1199 sellis
645 1133 708 1200 sint
727 1133 827 1202 modo
850 1135 953 1202 mixta
976 1135 1080 1218 malis,

135 1254 180 1318 25
221 1241 451 1308 Gemmantem
471 1239 628 1330 sociemus
655 1261 768 1325 aquam
794 1239 979 1330 luteumque
998 1239 1193 1325 bmathrum,

264 1343 460 1413 stereoribus
480 1343 590 1412 mixtis
610 1341 683 1410 fons
703 1357 752 1410 eat
773 1343 927 1434 inriguus.

219 1451 355 1538 Praepes
376 1445 507 1513 funereo
529 1471 603 1514 cum
623 1449 750 1514 vulture
770 1449 856 1514 ludat
875 1449 1025 1520 ffirundo.

263 1555 348 1620 Cum
368 1550 494 1617 bubone
513 1553 606 1639 gravi
632 1575 718 1618 nunc
737 1545 911 1640 philomela
932 1565 1032 1618 sonet.

222 1660 340 1730 Tristis
360 1658 525 1747 perspicua
546 1657 586 1721 sit
607 1679 679 1720 cum
706 1655 835 1744 perdice
855 1666 1025 1734 cavann'us,

139 1779 182 1844 30
264 1765 433 1848 Iunctaque
455 1782 530 1827 oum
550 1781 649 1824 corvo
669 1759 802 1848 pulchra
823 1758 972 1823 columba
993 1758 1096 1830 cubet.

225 1870 314 1940 Haec
334 1878 477 1932 monstra
496 1863 621 1929 incessis
643 1873 769 1928 mutent
788 1862 851 1927 sibi
870 1874 1014 1951 tompore
1034 1859 1124 1930 fatis:

263 1969 410 2042 Rusticus
431 1981 461 2034 et
480 1989 594 2040 servus
613 1968 659 2039 sio
685 1979 769 2061 petat
787 1965 991 2037 Eucherium.
1062 1971 1066 1976 '

645 2193 729 2276 386.

610 2307 767 2395 Eugenis'

503 2435 538 2488 ds
554 2433 703 2488 inventione
725 2433 878 2490 litteratim.

226 2539 359 2629 Moyses
378 2526 502 2630 primus
525 2541 688 2608 Hebraeas
708 2543 852 2609 muravit
870 2542 997 2611 litteras.

227 2647 394 2714 Abraham
418 2648 517 2734 Syras
544 2659 575 2712 et
592 2647 682 2712 idem
699 2647 840 2736 repperit
860 2646 1055 2715 Chaldaicos.

225 2752 285 2817 Isis
304 2765 371 2816 arte
394 2773 462 2816 non
482 2750 610 2818 minure
629 2751 761 2839 protulit
780 2748 967 2838 Aegyptias.

101 2891 121 2930 ς
216 2857 338 2922 'Mente
355 2855 529 2922 Phoenices
548 2855 652 2941 sagaci
678 2854 886 2920 condiderunt
906 2852 1037 2920 Atticas.

145 2971 166 3034 5
227 2956 314 3042 Ques
338 2958 445 3023 Latini
464 2959 695 3046 scriptitamus,
725 2958 823 3022 edidit
843 2959 1035 3024 Nicostrata.

230 3060 349 3130 Gutfila
370 3047 506 3149 promsit
526 3062 699 3142 Getarum,
719 3083 793 3148 quas
814 3059 980 3144 videmus,
1000 3060 1136 3129 ultimas.

285 3281 304 3312 ⁸
652 3290 736 3366 387·

611 3397 768 3485 Eugenii

600 3523 633 3574 dc
651 3523 800 3593 ambigonis.

229 3636 300 3702 Huc
320 3647 391 3699 sunt
410 3635 610 3720 ambigenae,
631 3655 709 3724 quse
730 3645 830 3721 nuptu
851 3635 976 3724 dispare
995 3645 1147 3701 constant.

220 3737 417 3807 -Burdonem
436 3738 560 3827 sonipes
581 3750 710 3826 generat
730 3738 923 3806 commixtus
945 3741 1066 3806 asellae.

231 3843 340 3909 Mutus
361 3841 399 3911 ab
423 3841 588 3908 Arcadicis
609 3855 639 3908 et
659 3843 771 3932 equina
792 3857 894 3910 matre
914 3857 1043 3911 oreatus.

232 3946 371 4032 Tityrus
393 3969 434 4012 ex
454 3946 566 4012 ovibus
588 3945 689 4014 oritur
709 3946 859 4035 hircoque
879 3961 1017 4038 parente.

149 4065 172 4134 ἦ
233 4049 455 4116 Musimonsm
475 4070 629 4139 capraeis
649 4073 812 4138 versegno
832 4051 955 4118 semine
973 4053 1081 4142 gignit.
1100 4054 1104 4065 '

234 4149 334 4245 A'pris
354 4165 445 4244 atque
464 4174 520 4219 suo
538 4165 653 4220 setosus
674 4156 813 4222 nuscitm·
832 4154 922 4222 ibris.

235 4245 393 4350 Astapus
422 4271 453 4326 et
473 4258 588 4327 catulae
608 4256 749 4358 sormunt
770 4262 911 4330 coeundo
930 4263 1096 4351 lyciscam.
