3002 4816
599 461 601 469 Α
763 385 847 465 us
1025 477 1027 482 ¹

602 479 778 566 Pyramus
802 491 835 544 et
860 479 995 548 Thisbe.

333 595 423 680 Quos
446 595 540 659 hahet
559 618 639 658 unus
663 616 772 674 arnor,
804 617 881 680 quos
904 593 1043 682 perdidit
1065 594 1147 660 ensis
1169 606 1199 658 et
1223 616 1314 678 unus,

373 702 449 766 Uua
473 699 565 764 habat
585 696 739 760 extinctos
761 700 935 764 marmoris
958 725 1040 766 urna
1062 700 1152 765 duos.

237 845 240 852 .
335 809 455 895 Sponte
475 828 573 868 manu
594 800 707 866 miseri
724 799 823 866 simul
851 805 1039 870 occubuistis
1061 816 1211 890 amantes,

376 911 477 976 Causa
499 910 558 976 fuit
580 910 667 974 dirae
688 906 767 973 vitta
789 920 918 972 cruenta
939 910 1037 974 necis.

247 1025 268 1088 5
334 1013 398 1078 Sed
419 1036 497 1099 quae
519 1035 683 1099 purpureo
705 1009 882 1076 madefacta
910 1025 956 1077 est
976 1013 1128 1099 sanguine
1148 1011 1252 1095 radix,

372 1121 469 1184 Nunc
489 1127 575 1197 atra,
597 1137 678 1202 quae
699 1115 821 1182 dudum
842 1118 992 1203 candida,
1014 1140 1109 1184 mora
1129 1117 1232 1182 dabat.

757 1267 840 1347 671·

697 1359 754 1426 Da
775 1362 909 1427 eisdem.

329 1477 432 1543 Pallia
452 1489 526 1542 nota
548 1475 638 1542 fovet
657 1476 802 1544 lacrimis
824 1476 952 1564 decepta
975 1477 1156 1570 Themista

369 1583 530 1669 Pyramus
550 1583 631 1647 heu!
659 1581 802 1646 lacrimis
822 1581 920 1670 pallia
940 1596 1016 1648 nota
1037 1581 1139 1647 fovet.
1164 1610 1167 1618 ·

753 1742 837 1821 672·

719 1835 762 1902 H
759 1836 872 1922 ylaa.

329 1940 448 2028 Raptus
469 1951 599 2024 aquator
621 1941 743 2027 Hylas,
766 1941 1005 2030 Nympharum
1026 1937 1312 2026 gaudia'crescunt‚

354 2044 517 2112 'Herculis
538 2043 585 2108 ira
607 2057 723 2129 tumet,
749 2057 857 2132 raptus
879 2057 1010 2133 aquator
1031 2046 1148 2131 Hylas.

572 2235 578 2250 ,
757 2185 840 2263 673·

583 2277 640 2343 De
660 2278 757 2344 Hero
780 2289 814 2342 st
834 2277 1010 2344 Leandro.

305 2467 307 2471 Ι
325 2369 414 2452 Fecit
432 2405 544 2449 amore
565 2383 654 2446 viam
674 2381 801 2446 iuvenis
823 2382 951 2445 crudele
974 2404 1033 2467 per
1054 2403 1182 2467 aequor,

366 2489 550 2555 Praedurae
571 2486 673 2550 morti
694 2485 769 2550 fecit
791 2507 903 2549 amore
923 2486 1026 2555 viam.

559 2645 1030 2824 Hippolytusfiiit’haectra.
1057 2783 1058 2786 ,

325 2854 467 2921 Vincere
489 2850 569 2915 falsa
590 2852 698 2938 pudor
720 2862 865 2941 poterat:
900 2849 956 2916 sed
979 2861 1078 2914 castus
1101 2861 1133 2914 et
1153 2850 1264 2914 insons

367 2955 502 3026 Erubuit
522 2957 687 3022 Phaedrae
708 2957 842 3024 vincere
864 2954 945 3020 falsa
964 2954 1079 3044 pudor.

764 3096 849 3174 675.

646 3190 941 3278 Hyacinthus.

327 3295 514 3362 Discrimsu
536 3295 636 3378 vitae,
658 3295 737 3360 ludit
760 3295 838 3360 dum
863 3291 945 3359 forte
967 3291 1179 3380 Hyacinthus,

257 3377 265 3396 '
316 3465 317 3470 ,
366 3399 525 3479 Incurrit,
548 3399 634 3464 diseo
657 3411 805 3486 tempora
828 3397 899 3462 fissa
920 3421 1046 3484 gersus.

328 3497 407 3572 Non
428 3504 534 3593 potuit
555 3504 704 3568 Phoebus
724 3502 788 3566 fato
810 3501 987 3592 subducere
1009 3515 1174 3584 amatum,·

369 3609 432 3673 sed
454 3630 551 3671 cruor
571 3606 703 3672 extincti
723 3607 824 3672 florea
843 3629 918 3671 rura
939 3607 1051 3694 replet.

749 3745 834 3826 676·

647 3839 690 3906 H
688 3839 940 3928 ysaiuthus.

325 3954 485 4041 Dispersit
504 3977 651 4020 remeans
668 3956 805 4037 ludentis
826 3968 973 4042 tempora
997 3955 1101 4020 discus

367 4059 410 4122 Et
431 4058 501 4122 dira
521 4060 656 4146 pulcher
676 4070 784 4124 morte
806 4058 1008 4144 Hyacinthus
1031 4059 1109 4141 obit,

326 4161 438 4226 Gratia
458 4183 576 4248 magna
596 4173 703 4234 tranen
725 4164 844 4228 solatur
865 4177 971 4228 morte
991 4163 1172 4252 peremptis

366 4270 503 4353 Semper
522 4261 714 4348 Apollineus
739 4269 820 4334 flore
839 4268 974 4354 resurgit
994 4290 1098 4334 amor.
