<?xml version="1.0" encoding="UTF-8"?>
<!DOCTYPE html PUBLIC "-//W3C//DTD XHTML 1.0 Transitional//EN"
    "http://www.w3.org/TR/xhtml1/DTD/xhtml1-transitional.dtd">
<html xmlns="http://www.w3.org/1999/xhtml" xml:lang="en" lang="en">
 <head>
  <title>
</title>
<meta http-equiv="Content-Type" content="text/html;charset=utf-8" />
  <meta name='ocr-system' content='tesseract 3.04.00' />
  <meta name='ocr-capabilities' content='ocr_page ocr_carea ocr_par ocr_line ocrx_word'/>
</head>
<body>
  <div class='ocr_page' id='page_1' title='image "./anthologiaveter00burmgoog_0070.png"; bbox 0 0 2876 4824; ppageno 0'>
   <div class='ocr_carea' id='block_1_1' title="bbox 0 1738 4 2376">
    <p class='ocr_par' dir='ltr' id='par_1_1' title="bbox 0 1738 4 2376">
     <span class='ocr_line' id='line_1_1' title="bbox 0 1738 4 2376; baseline 0 0"><span class='ocrx_word' id='word_1_1' title='bbox 0 1738 4 2376; x_wconf 95' lang='lat' dir='ltr'> </span> 
     </span>
    </p>
   </div>
   <div class='ocr_carea' id='block_1_2' title="bbox 644 247 677 319">
    <p class='ocr_par' dir='ltr' id='par_1_2' title="bbox 644 247 677 319">
     <span class='ocr_line' id='line_1_2' title="bbox 644 247 677 319; baseline -0.091 0"><span class='ocrx_word' id='word_1_2' title='bbox 644 247 677 319; x_wconf 86' lang='lat'>5.</span> 
     </span>
    </p>
   </div>
   <div class='ocr_carea' id='block_1_3' title="bbox 554 335 761 355">
    <p class='ocr_par' dir='ltr' id='par_1_3' title="bbox 554 335 761 355">
     <span class='ocr_line' id='line_1_3' title="bbox 554 335 761 355; baseline 0.014 -6"><span class='ocrx_word' id='word_1_3' title='bbox 554 335 761 355; x_wconf 49' lang='lat' dir='ltr'>m</span> 
     </span>
    </p>
   </div>
   <div class='ocr_carea' id='block_1_4' title="bbox 308 423 813 722">
    <p class='ocr_par' dir='ltr' id='par_1_4' title="bbox 308 423 813 722">
     <span class='ocr_line' id='line_1_4' title="bbox 308 423 739 510; baseline 0.007 -21"><span class='ocrx_word' id='word_1_4' title='bbox 308 425 414 508; x_wconf 88' lang='lat' dir='ltr'>Enos,</span> <span class='ocrx_word' id='word_1_5' title='bbox 435 423 599 510; x_wconf 88' lang='lat' dir='ltr'>Marmor,</span> <span class='ocrx_word' id='word_1_6' title='bbox 619 426 739 499; x_wconf 81' lang='lat' dir='ltr'>iuvato.</span> 
     </span>
     <span class='ocr_line' id='line_1_5' title="bbox 309 529 813 615; baseline 0.01 -21"><span class='ocrx_word' id='word_1_7' title='bbox 309 531 413 613; x_wconf 89' lang='lat' dir='ltr'>Enos,</span> <span class='ocrx_word' id='word_1_8' title='bbox 435 529 605 615; x_wconf 86' lang='lat' dir='ltr'>Marmor,</span> <span class='ocrx_word' id='word_1_9' title='bbox 618 530 745 606; x_wconf 83' lang='lat' dir='ltr'>iuvalo.</span> <span class='ocrx_word' id='word_1_10' title='bbox 807 559 813 566; x_wconf 92' lang='lat'>·</span> 
     </span>
     <span class='ocr_line' id='line_1_6' title="bbox 309 632 746 722; baseline 0.007 -22"><span class='ocrx_word' id='word_1_11' title='bbox 309 632 416 719; x_wconf 84' lang='lat' dir='ltr'>Euos,</span> <span class='ocrx_word' id='word_1_12' title='bbox 437 635 606 722; x_wconf 83' lang='lat' dir='ltr'>Marmor,</span> <span class='ocrx_word' id='word_1_13' title='bbox 626 637 746 704; x_wconf 86' lang='lat' dir='ltr'>iuvato.</span> 
     </span>
    </p>
   </div>
   <div class='ocr_carea' id='block_1_5' title="bbox 308 771 838 1076">
    <p class='ocr_par' dir='ltr' id='par_1_5' title="bbox 308 771 838 1076">
     <span class='ocr_line' id='line_1_7' title="bbox 308 771 834 863; baseline 0.008 -28"><span class='ocrx_word' id='word_1_14' title='bbox 308 771 485 861; x_wconf 85' lang='lat' dir='ltr'>Triumpe‚</span> <span class='ocrx_word' id='word_1_15' title='bbox 505 772 662 860; x_wconf 87' lang='lat' dir='ltr'>triumpe,</span> <span class='ocrx_word' id='word_1_16' title='bbox 683 773 834 863; x_wconf 79' lang='lat' dir='ltr'>triumpe,</span> 
     </span>
     <span class='ocr_line' id='line_1_8' title="bbox 309 874 838 968; baseline 0.006 -29"><span class='ocrx_word' id='word_1_17' title='bbox 309 874 486 959; x_wconf 85' lang='lat' dir='ltr'>Triumpe,</span> <span class='ocrx_word' id='word_1_18' title='bbox 507 876 665 966; x_wconf 88' lang='lat' dir='ltr'>triumpe,</span> <span class='ocrx_word' id='word_1_19' title='bbox 686 878 838 968; x_wconf 82' lang='lat' dir='ltr'>triumpe,</span> 
     </span>
     <span class='ocr_line' id='line_1_9' title="bbox 309 980 838 1076; baseline 0.015 -32"><span class='ocrx_word' id='word_1_20' title='bbox 309 980 489 1070; x_wconf 85' lang='lat' dir='ltr'>Triumpc,</span> <span class='ocrx_word' id='word_1_21' title='bbox 510 981 667 1072; x_wconf 68' lang='lat' dir='ltr'>triumpe‚&#39;</span> <span class='ocrx_word' id='word_1_22' title='bbox 687 985 838 1076; x_wconf 82' lang='lat' dir='ltr'>triumpe.</span> 
     </span>
    </p>
   </div>
   <div class='ocr_carea' id='block_1_6' title="bbox 166 1133 929 1432">
    <p class='ocr_par' dir='ltr' id='par_1_6' title="bbox 166 1133 929 1432">
     <span class='ocr_line' id='line_1_10' title="bbox 167 1133 929 1324; baseline 0.008 -24"><span class='ocrx_word' id='word_1_23' title='bbox 167 1217 313 1323; x_wconf 81' lang='lat' dir='ltr'>Iuppiter</span> <span class='ocrx_word' id='word_1_24' title='bbox 334 1247 425 1324; x_wconf 87' lang='lat' dir='ltr'>atquc</span> <span class='ocrx_word' id='word_1_25' title='bbox 445 1237 527 1304; x_wconf 89' lang='lat' dir='ltr'>Divi</span> <span class='ocrx_word' id='word_1_26' title='bbox 548 1133 661 1304; x_wconf 65' lang='lat' dir='ltr'>omng</span> <span class='ocrx_word' id='word_1_27' title='bbox 681 1239 744 1305; x_wconf 88' lang='lat' dir='ltr'>hoc</span> <span class='ocrx_word' id='word_1_28' title='bbox 766 1239 929 1324; x_wconf 82' lang='lat' dir='ltr'>dedentnt,</span> 
     </span>
     <span class='ocr_line' id='line_1_11' title="bbox 166 1339 889 1432; baseline 0.012 -27"><span class='ocrx_word' id='word_1_29' title='bbox 166 1341 215 1405; x_wconf 88' lang='lat' dir='ltr'>Ut</span> <span class='ocrx_word' id='word_1_30' title='bbox 235 1340 327 1404; x_wconf 82' lang='lat' dir='ltr'>Titus</span> <span class='ocrx_word' id='word_1_31' title='bbox 350 1339 518 1426; x_wconf 87' lang='lat' dir='ltr'>Quinctius</span> <span class='ocrx_word' id='word_1_32' title='bbox 540 1341 671 1410; x_wconf 87' lang='lat' dir='ltr'>dictator</span> <span class='ocrx_word' id='word_1_33' title='bbox 692 1343 889 1432; x_wconf 74' lang='lat' dir='ltr'>(Romanus)</span> 
     </span>
    </p>
   </div>
   <div class='ocr_carea' id='block_1_7' title="bbox 167 1443 869 1540">
    <p class='ocr_par' dir='ltr' id='par_1_7' title="bbox 167 1443 869 1540">
     <span class='ocr_line' id='line_1_12' title="bbox 167 1443 869 1540; baseline 0.014 -32"><span class='ocrx_word' id='word_1_34' title='bbox 167 1443 298 1534; x_wconf 85' lang='lat' dir='ltr'>Oppida</span> <span class='ocrx_word' id='word_1_35' title='bbox 317 1467 439 1511; x_wconf 87' lang='lat' dir='ltr'>novem</span> <span class='ocrx_word' id='word_1_36' title='bbox 460 1445 571 1514; x_wconf 83' lang='lat' dir='ltr'>diebus</span> <span class='ocrx_word' id='word_1_37' title='bbox 590 1473 715 1516; x_wconf 88' lang='lat' dir='ltr'>novem</span> <span class='ocrx_word' id='word_1_38' title='bbox 734 1464 869 1540; x_wconf 86' lang='lat' dir='ltr'>caperet.</span> 
     </span>
    </p>
   </div>
   <div class='ocr_carea' id='block_1_8' title="bbox 162 1700 1138 3048">
    <p class='ocr_par' dir='ltr' id='par_1_8' title="bbox 166 1700 1056 2104">
     <span class='ocr_line' id='line_1_13' title="bbox 167 1700 1056 1792; baseline 0 -26"><span class='ocrx_word' id='word_1_39' title='bbox 167 1700 285 1766; x_wconf 89' lang='lat' dir='ltr'>Duello</span> <span class='ocrx_word' id='word_1_40' title='bbox 306 1721 424 1786; x_wconf 81' lang='lat' dir='ltr'>magno</span> <span class='ocrx_word' id='word_1_41' title='bbox 445 1701 652 1790; x_wconf 80' lang='lat' dir='ltr'>dirimundo,</span> <span class='ocrx_word' id='word_1_42' title='bbox 674 1702 804 1792; x_wconf 86' lang='lat' dir='ltr'>regibus</span> <span class='ocrx_word' id='word_1_43' title='bbox 822 1705 1016 1788; x_wconf 87' lang='lat' dir='ltr'>subigundis‚</span> <span class='ocrx_word' id='word_1_44' title='bbox 1052 1776 1056 1783; x_wconf 85' lang='lat'>.</span> 
     </span>
     <span class='ocr_line' id='line_1_14' title="bbox 167 1805 969 1896; baseline 0 -26"><span class='ocrx_word' id='word_1_45' title='bbox 167 1807 287 1894; x_wconf 87' lang='lat' dir='ltr'>Caput,</span> <span class='ocrx_word' id='word_1_46' title='bbox 307 1806 476 1894; x_wconf 86' lang='lat' dir='ltr'>patrandae</span> <span class='ocrx_word' id='word_1_47' title='bbox 496 1808 582 1896; x_wconf 86' lang='lat' dir='ltr'>paci,</span> <span class='ocrx_word' id='word_1_48' title='bbox 609 1831 716 1895; x_wconf 86' lang='lat' dir='ltr'>pugna</span> <span class='ocrx_word' id='word_1_49' title='bbox 740 1809 820 1870; x_wconf 88' lang='lat' dir='ltr'>haec</span> <span class='ocrx_word' id='word_1_50' title='bbox 838 1805 969 1870; x_wconf 75' lang='lat' dir='ltr'>exeunti</span> 
     </span>
     <span class='ocr_line' id='line_1_15' title="bbox 166 1909 872 1996; baseline 0 -22"><span class='ocrx_word' id='word_1_51' title='bbox 166 1909 466 1993; x_wconf 85' lang='lat' dir='ltr'>Lucio-Aemili0‚</span> <span class='ocrx_word' id='word_1_52' title='bbox 488 1911 595 1975; x_wconf 90' lang='lat' dir='ltr'>Marci</span> <span class='ocrx_word' id='word_1_53' title='bbox 616 1910 701 1992; x_wconf 88' lang='lat' dir='ltr'>lilio,</span> <span class='ocrx_word' id='word_1_54' title='bbox 728 1909 872 1996; x_wconf 76' lang='lat' dir='ltr'>Regillo</span> 
     </span>
     <span class='ocr_line' id='line_1_16' title="bbox 166 2013 838 2104; baseline -0.015 -16"><span class='ocrx_word' id='word_1_55' title='bbox 166 2055 493 2089; x_wconf 85' lang='lat'><strong>.......</strong></span> <span class='ocrx_word' id='word_1_56' title='bbox 533 2013 673 2102; x_wconf 83' lang='lat' dir='ltr'>auspicio</span> <span class='ocrx_word' id='word_1_57' title='bbox 694 2014 838 2104; x_wconf 82' lang='lat' dir='ltr'>imperio</span> 
     </span>
    </p>

    <p class='ocr_par' dir='ltr' id='par_1_9' title="bbox 163 2113 894 2208">
     <span class='ocr_line' id='line_1_17' title="bbox 163 2113 894 2208; baseline -0.005 -21"><span class='ocrx_word' id='word_1_58' title='bbox 163 2121 328 2187; x_wconf 72' lang='lat' dir='ltr'>Felicitate</span> <span class='ocrx_word' id='word_1_59' title='bbox 346 2118 501 2205; x_wconf 84' lang='lat' dir='ltr'>ductuque</span> <span class='ocrx_word' id='word_1_60' title='bbox 521 2115 588 2182; x_wconf 89' lang='lat' dir='ltr'>eius</span> <span class='ocrx_word' id='word_1_61' title='bbox 612 2119 697 2184; x_wconf 85' lang='lat' dir='ltr'>inter</span> <span class='ocrx_word' id='word_1_62' title='bbox 718 2113 894 2208; x_wconf 83' lang='lat' dir='ltr'>Ephesum,</span> 
     </span>
    </p>

    <p class='ocr_par' dir='ltr' id='par_1_10' title="bbox 162 2219 1138 2628">
     <span class='ocr_line' id='line_1_18' title="bbox 162 2219 1096 2313; baseline 0.003 -23"><span class='ocrx_word' id='word_1_63' title='bbox 162 2227 318 2307; x_wconf 82' lang='lat' dir='ltr'><strong>Samum,</strong></span> <span class='ocrx_word' id='word_1_64' title='bbox 340 2222 521 2309; x_wconf 64' lang='lat' dir='ltr'>Chiumque</span> <span class='ocrx_word' id='word_1_65' title='bbox 540 2222 733 2312; x_wconf 73' lang='lat' dir='ltr'>inspectante</span> <span class='ocrx_word' id='word_1_66' title='bbox 752 2225 825 2313; x_wconf 92' lang='lat' dir='ltr'>ipso</span> <span class='ocrx_word' id='word_1_67' title='bbox 846 2247 901 2289; x_wconf 89' lang='lat' dir='ltr'>eos</span> <span class='ocrx_word' id='word_1_68' title='bbox 921 2219 1096 2310; x_wconf 63' lang='lat' dir='ltr'>Antiocho·</span> 
     </span>
     <span class='ocr_line' id='line_1_19' title="bbox 165 2328 1138 2420; baseline 0.002 -23"><span class='ocrx_word' id='word_1_69' title='bbox 165 2333 251 2397; x_wconf 87' lang='lat' dir='ltr'>Cum</span> <span class='ocrx_word' id='word_1_70' title='bbox 272 2328 412 2394; x_wconf 84' lang='lat' dir='ltr'>exercitu</span> <span class='ocrx_word' id='word_1_71' title='bbox 436 2329 537 2412; x_wconf 84' lang='lat' dir='ltr'>omni,</span> <span class='ocrx_word' id='word_1_72' title='bbox 558 2329 703 2416; x_wconf 88' lang='lat' dir='ltr'>equitatu,</span> <span class='ocrx_word' id='word_1_73' title='bbox 722 2329 907 2418; x_wconf 83' lang='lat' dir='ltr'>elephantis,</span> <span class='ocrx_word' id='word_1_74' title='bbox 931 2331 1038 2396; x_wconf 87' lang='lat' dir='ltr'>classis</span> <span class='ocrx_word' id='word_1_75' title='bbox 1057 2331 1138 2420; x_wconf 78' lang='lat' dir='ltr'>regia</span> 
     </span>
     <span class='ocr_line' id='line_1_20' title="bbox 168 2433 1029 2521; baseline -0.003 -18"><span class='ocrx_word' id='word_1_76' title='bbox 168 2435 322 2503; x_wconf 88' lang='lat' dir='ltr'>Antiochi</span> <span class='ocrx_word' id='word_1_77' title='bbox 342 2435 484 2520; x_wconf 85' lang='lat' dir='ltr'>incensa,</span> <span class='ocrx_word' id='word_1_78' title='bbox 506 2435 607 2520; x_wconf 85' lang='lat' dir='ltr'>victa,</span> <span class='ocrx_word' id='word_1_79' title='bbox 628 2434 716 2515; x_wconf 81' lang='lat' dir='ltr'>fiisa,</span> <span class='ocrx_word' id='word_1_80' title='bbox 736 2448 821 2516; x_wconf 84' lang='lat' dir='ltr'>tusa,</span> <span class='ocrx_word' id='word_1_81' title='bbox 843 2433 948 2521; x_wconf 82' lang='lat' dir='ltr'>fugate</span> <span class='ocrx_word' id='word_1_82' title='bbox 968 2448 1029 2502; x_wconf 83' lang='lat' dir='ltr'>est:</span> 
     </span>
     <span class='ocr_line' id='line_1_21' title="bbox 163 2541 979 2628; baseline -0.005 -20"><span class='ocrx_word' id='word_1_83' title='bbox 163 2541 274 2628; x_wconf 87' lang='lat' dir='ltr'>Ibique</span> <span class='ocrx_word' id='word_1_84' title='bbox 294 2565 332 2606; x_wconf 84' lang='lat' dir='ltr'>eo</span> <span class='ocrx_word' id='word_1_85' title='bbox 354 2541 406 2606; x_wconf 85' lang='lat' dir='ltr'>‹lie</span> <span class='ocrx_word' id='word_1_86' title='bbox 426 2543 468 2608; x_wconf 83' lang='lat' dir='ltr'>de</span> <span class='ocrx_word' id='word_1_87' title='bbox 492 2565 567 2628; x_wconf 86' lang='lat' dir='ltr'>rege</span> <span class='ocrx_word' id='word_1_88' title='bbox 586 2563 687 2608; x_wconf 80' lang='lat' dir='ltr'>naves</span> <span class='ocrx_word' id='word_1_89' title='bbox 706 2543 821 2628; x_wconf 79' lang='lat' dir='ltr'>longae</span> <span class='ocrx_word' id='word_1_90' title='bbox 977 2611 979 2616; x_wconf 54' lang='grc'>,</span> 
     </span>
    </p>

    <p class='ocr_par' dir='ltr' id='par_1_11' title="bbox 168 2645 1046 3048">
     <span class='ocr_line' id='line_1_22' title="bbox 168 2645 1046 2733; baseline -0.002 -19"><span class='ocrx_word' id='word_1_91' title='bbox 168 2648 255 2714; x_wconf 82' lang='lat' dir='ltr'>Sunt</span> <span class='ocrx_word' id='word_1_92' title='bbox 277 2648 426 2712; x_wconf 87' lang='lat' dir='ltr'>omnibus</span> <span class='ocrx_word' id='word_1_93' title='bbox 448 2671 522 2712; x_wconf 91' lang='lat' dir='ltr'>cum</span> <span class='ocrx_word' id='word_1_94' title='bbox 539 2645 633 2711; x_wconf 87' lang='lat' dir='ltr'>sociis</span> <span class='ocrx_word' id='word_1_95' title='bbox 655 2656 762 2733; x_wconf 87' lang='lat' dir='ltr'>captae</span> <span class='ocrx_word' id='word_1_96' title='bbox 781 2657 844 2709; x_wconf 87' lang='lat' dir='ltr'>tres</span> <span class='ocrx_word' id='word_1_97' title='bbox 866 2645 1046 2732; x_wconf 81' lang='lat' dir='ltr'>decemque.</span> 
     </span>
     <span class='ocr_line' id='line_1_23' title="bbox 168 2749 991 2841; baseline -0.004 -24"><span class='ocrx_word' id='word_1_98' title='bbox 168 2753 217 2817; x_wconf 91' lang='lat' dir='ltr'>Ea</span> <span class='ocrx_word' id='word_1_99' title='bbox 233 2773 339 2840; x_wconf 84' lang='lat' dir='ltr'>pugna</span> <span class='ocrx_word' id='word_1_100' title='bbox 356 2765 492 2841; x_wconf 86' lang='lat' dir='ltr'>pugnata</span> <span class='ocrx_word' id='word_1_101' title='bbox 511 2773 571 2818; x_wconf 85' lang='lat' dir='ltr'>rex</span> <span class='ocrx_word' id='word_1_102' title='bbox 592 2749 772 2815; x_wconf 82' lang='lat' dir='ltr'>Antiochus</span> <span class='ocrx_word' id='word_1_103' title='bbox 793 2772 991 2839; x_wconf 86' lang='lat' dir='ltr'>regnumque</span> 
     </span>
     <span class='ocr_line' id='line_1_24' title="bbox 168 2853 1045 2946; baseline -0.002 -22"><span class='ocrx_word' id='word_1_104' title='bbox 168 2857 260 2924; x_wconf 76' lang='lat' dir='ltr'>Eius</span> <span class='ocrx_word' id='word_1_105' title='bbox 279 2857 317 2923; x_wconf 83' lang='lat' dir='ltr'>iu</span> <span class='ocrx_word' id='word_1_106' title='bbox 330 2868 535 2946; x_wconf 73' lang='lat' dir='ltr'>potestatem</span> <span class='ocrx_word' id='word_1_107' title='bbox 550 2856 675 2944; x_wconf 81' lang='lat' dir='ltr'>populi</span> <span class='ocrx_word' id='word_1_108' title='bbox 699 2853 835 2922; x_wconf 78' lang='lat' dir='ltr'>¹romoni</span> <span class='ocrx_word' id='word_1_109' title='bbox 857 2857 1045 2924; x_wconf 79' lang='lat' dir='ltr'>redactum·</span> 
     </span>
     <span class='ocr_line' id='line_1_25' title="bbox 168 2959 1042 3048; baseline -0.005 -20"><span class='ocrx_word' id='word_1_110' title='bbox 168 2961 247 3029; x_wconf 89' lang='lat' dir='ltr'>Eius</span> <span class='ocrx_word' id='word_1_111' title='bbox 268 2962 316 3029; x_wconf 87' lang='lat' dir='ltr'>rei</span> <span class='ocrx_word' id='word_1_112' title='bbox 336 2984 413 3048; x_wconf 88' lang='lat' dir='ltr'>ergo</span> <span class='ocrx_word' id='word_1_113' title='bbox 437 2962 550 3028; x_wconf 83' lang='lat' dir='ltr'>aedem</span> <span class='ocrx_word' id='word_1_114' title='bbox 568 2961 705 3026; x_wconf 81' lang='lat' dir='ltr'>Laribus</span> <span class='ocrx_word' id='word_1_115' title='bbox 726 2960 917 3048; x_wconf 84' lang='lat' dir='ltr'>permarinis</span> <span class='ocrx_word' id='word_1_116' title='bbox 938 2959 1042 3031; x_wconf 88' lang='lat' dir='ltr'>vovit.</span> 
     </span>
    </p>
   </div>
   <div class='ocr_carea' id='block_1_9' title="bbox 172 3112 1007 4478">
    <p class='ocr_par' dir='ltr' id='par_1_12' title="bbox 230 3112 941 3934">
     <span class='ocr_line' id='line_1_26' title="bbox 627 3112 686 3175; baseline 0 0"><span class='ocrx_word' id='word_1_117' title='bbox 627 3112 686 3175; x_wconf 68' lang='lat'>11·</span> 
     </span>
     <span class='ocr_line' id='line_1_27' title="bbox 230 3206 859 3299; baseline -0.011 -19"><span class='ocrx_word' id='word_1_118' title='bbox 230 3211 409 3280; x_wconf 80' lang='lat' dir='ltr'>Duumviri</span> <span class='ocrx_word' id='word_1_119' title='bbox 428 3209 683 3299; x_wconf 86' lang='lat' dir='ltr'>perduellionem</span> <span class='ocrx_word' id='word_1_120' title='bbox 702 3206 859 3274; x_wconf 55' lang='lat' dir='ltr'>indicente</span> 
     </span>
     <span class='ocr_line' id='line_1_28' title="bbox 232 3311 722 3402; baseline -0.014 -18"><span class='ocrx_word' id='word_1_121' title='bbox 232 3319 268 3384; x_wconf 82' lang='lat' dir='ltr'>Si</span> <span class='ocrx_word' id='word_1_122' title='bbox 288 3343 307 3383; x_wconf 88' lang='lat' dir='ltr'>a</span> <span class='ocrx_word' id='word_1_123' title='bbox 327 3314 507 3381; x_wconf 87' lang='lat' dir='ltr'>duumviris</span> <span class='ocrx_word' id='word_1_124' title='bbox 527 3311 722 3402; x_wconf 82' lang='lat' dir='ltr'>provocarit,</span> 
     </span>
     <span class='ocr_line' id='line_1_29' title="bbox 231 3421 617 3489; baseline -0.021 0"><span class='ocrx_word' id='word_1_125' title='bbox 231 3421 464 3489; x_wconf 84' lang='lat' dir='ltr'>Provocatione</span> <span class='ocrx_word' id='word_1_126' title='bbox 485 3430 617 3484; x_wconf 81' lang='lat' dir='ltr'>certato:</span> 
     </span>
     <span class='ocr_line' id='line_1_30' title="bbox 234 3523 744 3612; baseline -0.016 -18"><span class='ocrx_word' id='word_1_127' title='bbox 234 3529 269 3594; x_wconf 87' lang='lat' dir='ltr'>Si</span> <span class='ocrx_word' id='word_1_128' title='bbox 290 3528 434 3607; x_wconf 87' lang='lat' dir='ltr'>vincent,</span> <span class='ocrx_word' id='word_1_129' title='bbox 457 3537 547 3612; x_wconf 90' lang='lat' dir='ltr'>caput</span> <span class='ocrx_word' id='word_1_130' title='bbox 571 3523 744 3589; x_wconf 76' lang='lat' dir='ltr'>obaubitu:</span> 
     </span>
     <span class='ocr_line' id='line_1_31' title="bbox 235 3627 813 3716; baseline -0.007 -20"><span class='ocrx_word' id='word_1_131' title='bbox 235 3630 359 3696; x_wconf 84' lang='lat' dir='ltr'>Infelici</span> <span class='ocrx_word' id='word_1_132' title='bbox 380 3631 494 3695; x_wconf 88' lang='lat' dir='ltr'>arbore</span> <span class='ocrx_word' id='word_1_133' title='bbox 514 3641 596 3693; x_wconf 85' lang='lat' dir='ltr'>reste</span> <span class='ocrx_word' id='word_1_134' title='bbox 615 3627 813 3716; x_wconf 80' lang='lat' dir='ltr'>suspendito:</span> 
     </span>
     <span class='ocr_line' id='line_1_32' title="bbox 234 3732 941 3818; baseline -0.004 -14"><span class='ocrx_word' id='word_1_135' title='bbox 234 3736 411 3804; x_wconf 84' lang='lat' dir='ltr'>Verberato</span> <span class='ocrx_word' id='word_1_136' title='bbox 429 3734 513 3799; x_wconf 84' lang='lat' dir='ltr'>iutra</span> <span class='ocrx_word' id='word_1_137' title='bbox 533 3735 594 3799; x_wconf 85' lang='lat' dir='ltr'>vel</span> <span class='ocrx_word' id='word_1_138' title='bbox 608 3745 697 3800; x_wconf 85' lang='lat' dir='ltr'>extra</span> <span class='ocrx_word' id='word_1_139' title='bbox 717 3732 941 3818; x_wconf 83' lang='lat' dir='ltr'>pomoerium..</span> 
     </span>
     <span class='ocr_line' id='line_1_33' title="bbox 624 3867 683 3934; baseline -0.153 2"><span class='ocrx_word' id='word_1_140' title='bbox 624 3867 683 3934; x_wconf 83' lang='lat'>12.</span> 
     </span>
    </p>

    <p class='ocr_par' dir='ltr' id='par_1_13' title="bbox 172 3966 1007 4478">
     <span class='ocr_line' id='line_1_34' title="bbox 520 3966 791 4036; baseline -0.004 -2"><span class='ocrx_word' id='word_1_141' title='bbox 520 3966 586 4034; x_wconf 64' lang='lat' dir='ltr'>U&#39;n.</span> <span class='ocrx_word' id='word_1_142' title='bbox 615 3967 791 4036; x_wconf 79' lang='lat' dir='ltr'>Naevii.</span> 
     </span>
     <span class='ocr_line' id='line_1_35' title="bbox 172 4061 867 4153; baseline -0.014 -6"><span class='ocrx_word' id='word_1_143' title='bbox 172 4077 319 4148; x_wconf 85' lang='grc' dir='ltr'><strong>Μο111111</strong></span> <span class='ocrx_word' id='word_1_144' title='bbox 340 4074 530 4141; x_wconf 87' lang='lat' dir='ltr'>immortalis</span> <span class='ocrx_word' id='word_1_145' title='bbox 549 4074 628 4140; x_wconf 88' lang='lat' dir='ltr'>flere</span> <span class='ocrx_word' id='word_1_146' title='bbox 648 4061 779 4140; x_wconf 85' lang='lat' dir='ltr'>siforct</span> <span class='ocrx_word' id='word_1_147' title='bbox 807 4070 867 4153; x_wconf 81' lang='lat' dir='ltr'>fas,</span> 
     </span>
     <span class='ocr_line' id='line_1_36' title="bbox 174 4175 940 4264; baseline -0.013 -14"><span class='ocrx_word' id='word_1_148' title='bbox 174 4187 302 4250; x_wconf 84' lang='lat' dir='ltr'>Flerent</span> <span class='ocrx_word' id='word_1_149' title='bbox 323 4181 417 4247; x_wconf 86' lang='lat' dir='ltr'>divae</span> <span class='ocrx_word' id='word_1_150' title='bbox 440 4180 599 4243; x_wconf 84' lang='lat' dir='ltr'>Camenae</span> <span class='ocrx_word' id='word_1_151' title='bbox 619 4177 781 4242; x_wconf 86' lang='lat' dir='ltr'>Naeviom</span> <span class='ocrx_word' id='word_1_152' title='bbox 802 4175 940 4264; x_wconf 71' lang='lat' dir='ltr'>politam.</span> 
     </span>
     <span class='ocr_line' id='line_1_37' title="bbox 174 4277 1007 4377; baseline -0.011 -22"><span class='ocrx_word' id='word_1_153' title='bbox 174 4291 281 4376; x_wconf 86' lang='lat' dir='ltr'>Itaque</span> <span class='ocrx_word' id='word_1_154' title='bbox 302 4299 468 4377; x_wconf 88' lang='lat' dir='ltr'>postquam</span> <span class='ocrx_word' id='word_1_155' title='bbox 488 4295 534 4350; x_wconf 84' lang='lat' dir='ltr'>est</span> <span class='ocrx_word' id='word_1_156' title='bbox 554 4280 677 4348; x_wconf 83' lang='lat' dir='ltr'>Oroino</span> <span class='ocrx_word' id='word_1_157' title='bbox 697 4277 827 4346; x_wconf 84' lang='lat' dir='ltr'>traditus</span> <span class='ocrx_word' id='word_1_158' title='bbox 847 4279 1007 4362; x_wconf 78' lang='lat' dir='ltr'>thesauro,¹</span> 
     </span>
     <span class='ocr_line' id='line_1_38' title="bbox 175 4373 918 4478; baseline -0.012 -16"><span class='ocrx_word' id='word_1_159' title='bbox 175 4393 279 4462; x_wconf 90' lang='lat' dir='ltr'>Obliti</span> <span class='ocrx_word' id='word_1_160' title='bbox 299 4405 370 4460; x_wconf 87' lang='lat' dir='ltr'>suut</span> <span class='ocrx_word' id='word_1_161' title='bbox 388 4393 513 4459; x_wconf 84' lang='lat' dir='ltr'>Romae</span> <span class='ocrx_word' id='word_1_162' title='bbox 531 4387 654 4478; x_wconf 85' lang='lat' dir='ltr'>loquier</span> <span class='ocrx_word' id='word_1_163' title='bbox 673 4385 770 4454; x_wconf 79' lang='lat' dir='ltr'>latina</span> <span class='ocrx_word' id='word_1_164' title='bbox 788 4373 918 4474; x_wconf 63' lang='lat' dir='ltr'>lingum.</span> 
     </span>
    </p>
   </div>
   <div class='ocr_carea' id='block_1_10' title="bbox 0 0 1459 4824">
    <p class='ocr_par' dir='ltr' id='par_1_14' title="bbox 0 0 1459 4824">
     <span class='ocr_line' id='line_1_39' title="bbox 0 0 1459 4824; baseline 0 0"><span class='ocrx_word' id='word_1_165' title='bbox 0 0 1459 4824; x_wconf 95' lang='lat' dir='ltr'> </span> 
     </span>
    </p>
   </div>
  </div>
 </body>
</html>
