2992 4826
768 196 816 269 72

688 279 894 302 *nu—*noua-

747 398 831 470 213·

706 501 743 570 F
755 503 802 570 lo
814 526 833 572 r
847 503 871 571 i.

315 609 454 697 Bacche,
473 607 590 680 vitium
610 578 775 698 repellor,
796 608 908 700 plenus
929 606 1163 698 adstantibus,

318 718 435 790 Efflues
457 715 585 780 dulcem
606 713 767 800 liquorem
789 715 1043 806 comparendum
1063 718 1193 804 nectari,

318 822 558 909 conditumque
580 819 630 885 fec
653 831 831 904 vetustum,
859 843 902 886 ne
920 821 1071 908 malignis
1094 821 1217 888 venulis

319 927 486 1019 Asperum
508 926 599 996 duest
618 947 785 1014 saporem,
812 949 923 995 versus
944 949 1040 996 usum
1060 927 1095 996 in
1115 927 1262 996 alterum.

744 1071 831 1148 214.

707 1180 795 1250 Flo
808 1206 827 1250 r
838 1181 870 1252 i.

317 1297 438 1368 Omnis
457 1295 576 1363 mulier
596 1293 681 1366 intrs
699 1307 809 1386 pectus
826 1296 905 1365 celet
925 1297 1019 1365 virus
1039 1297 1213 1388 pestilense

319 1405 424 1478 Dulce
444 1398 602 1470 dolabris
622 1399 814 1488 loquuntur,
835 1399 934 1468 corde
950 1401 1067 1471 vivunt
1086 1403 1200 1472 noxio.

747 1546 832 1622 215·

707 1653 871 1724 Flori.

318 1775 373 1844 sic
393 1771 534 1863 Apollo,
561 1765 678 1838 deinde
698 1770 801 1837 Liber
821 1771 869 1838 sic
889 1771 1017 1840 videtur
1038 1769 1169 1860 ignifer.

317 1879 431 1949 Ambo
450 1891 522 1944 sunt
542 1876 684 1944 flammis
706 1875 803 1942 creati
822 1878 1005 1967 prosatique
1025 1901 1070 1944 ex
1090 1877 1229 1966 ignibus,

316 1983 431 2054 Ambo
453 1983 493 2048 de
514 1981 616 2045 comis
635 1981 778 2046 calorem
798 1981 866 2051 vite
886 1993 918 2050 et
937 1983 1030 2049 radio
1051 1981 1234 2054 conferunt..
1289 1997 1291 2002 '

242 2153 245 2161 t
317 2088 432 2158 Noctis
451 2086 506 2152 bic
521 2083 644 2169 rumpit
663 2085 830 2170 tenebras,
850 2085 905 2152 hic
924 2088 1070 2156 tenebras
1090 2089 1237 2179 pectoris.

742 2224 826 2302 216.

707 2335 871 2408 Ftori.

317 2452 457 2544 Quando
477 2451 638 2544 ponebam
654 2452 800 2519 novellas
825 2449 954 2518 arbores
976 2452 1107 2520 maliet
1128 2452 1204 2545 piri,

319 2559 441 2631 Cortici
461 2582 607 2625 summae
626 2556 738 2624 notavi
759 2578 881 2622 nomen
901 2556 1026 2622 ardoris
1048 2559 1127 2624 mei.

317 2669 417 2736 Nulla
437 2665 500 2732 fuit
517 2663 635 2730 exinde
655 2662 729 2728 finis
751 2663 807 2728 vel
828 2661 915 2750 quies
938 2660 1109 2752 cupidinis,

319 2771 441 2840 Crescit
457 2770 568 2855 arbor,
597 2768 702 2860 gliscit
723 2767 838 2852 ardor,
869 2789 978 2834 remus
998 2767 1101 2860 inplet
1120 2767 1249 2838 litteras.

748 2917 834 2992 217·

709 3022 874 3091 Flors'.

338 3137 406 3223 Qui
424 3140 504 3208 moli
523 3151 611 3224 sunt,
631 3161 701 3208 uon
721 3137 812 3208 fuere
831 3139 944 3209 matris
964 3139 1003 3208 sb
1024 3141 1099 3208 alvo
1120 3141 1211 3224 meli,

315 3239 404 3333 ‘Sed
422 3246 525 3313 melos
546 3242 666 3312 faciunt
685 3245 850 3312 mulonem
869 3245 948 3311 false
966 3247 1181 3316 contubernia.

750 3393 833 3464 218·

708 3498 868 3566 Ptort.

275 3614 399 3702 Sperne
419 3633 528 3681 mores
548 3615 798 3698 transmarinos,
818 3611 912 3679 mille
930 3612 1054 3679 habent·
1067 3609 1210 3678 offucias.

276 3717 360 3782 Cive
380 3739 516 3784 romano
537 3741 596 3809 per
618 3720 733 3785 orbem
752 3743 851 3786 nemo
866 3718 958 3810 'vivit
978 3716 1110 3784 rectius:

274 3820 404 3912 Quippe
425 3822 540 3889 malim
562 3847 666 3890 unum
681 3825 839 3891 Catonem
860 3846 957 3913 quam
977 3836 1133 3892 trecentos
1149 3823 1303 3893 Socratas.

746 3974 830 4053 219·

709 4079 798 4148 Flo
810 4104 830 4148 r
842 4081 867 4153 i.

232 4183 321 4249 Tam
331 4181 455 4248 malum
462 4194 508 4250 est
521 4182 638 4251 habere
648 4208 815 4272 nummos,
827 4209 895 4253 non
903 4185 1022 4256 habere
1038 4207 1136 4274 quam
1147 4182 1272 4247 malum
1286 4194 1343 4248 est.

232 4287 322 4356 Tem
331 4288 455 4358 malum
460 4300 505 4357 est
511 4288 775 4382 auderesemper,
789 4314 885 4382 quem
897 4292 1023 4360 melum
1030 4303 1075 4357 est
1088 4311 1217 4380 semper
1228 4288 1343 4379 pudor.
