2992 4826
210 770 276 837 Hic
296 784 345 838 est
364 773 436 858 ifle,
465 771 530 838 suis
552 772 696 839 nimium
718 771 772 858 qui
794 773 928 840 credidit
949 777 1053 862 undis,

252 878 421 944 Narcissus
443 903 524 944 vero
546 881 660 968 dignus
682 903 794 945 amore
814 902 903 967 puer.

209 983 323 1048 Cernis
345 985 384 1048 ab
406 985 528 1072 irriguo
548 996 748 1074 repetentem
768 985 915 1070 gramine
936 986 1053 1075 ripam,

253 1087 317 1174 Ut,
338 1115 398 1181 per
415 1115 490 1180 quas
510 1090 623 1182 periit,
645 1113 785 1156 crescere
805 1090 906 1178 possit
927 1115 1030 1178 aquas.

642 1271 726 1346 945·

583 1381 769 1449 'Pentadizz

213 1515 316 1580 Crede
336 1527 437 1580 ratem
459 1517 580 1582 ventis:
604 1516 751 1580 animum
772 1537 814 1578 ne
836 1514 930 1580 crede
949 1518 1077 1603 puellm·

254 1621 404 1708 Namque
428 1636 472 1688 est
493 1621 634 1688 feminea
655 1623 751 1687 tutior
772 1619 857 1684 unda
879 1618 953 1683 fide.

209 1725 345 1790 Femina
366 1729 453 1792 nulla
475 1727 559 1792 bona
578 1739 643 1811 est,
677 1728 747 1808 vel,
775 1726 803 1789 si
824 1725 908 1787 bona
930 1725 1061 1812 contigit
1081 1737 1155 1813 una,'
1219 1784 1223 1798 ,

253 1832 373 1897 Nescio
395 1856 458 1919 quo
478 1831 544 1897 fato
565 1855 616 1896 res
638 1831 724 1896 mala
744 1826 825 1893 facta
845 1828 940 1894 bona.

637 2002 723 2082 246·

601 2115 767 2186 Pentadii

611 2221 758 2281 Narcissus.

260 2341 301 2405 Se
322 2338 493 2406 Narcissus'
511 2353 612 2426 amat,
641 2353 746 2431 captus
768 2341 937 2408 lenonibus
958 2345 1078 2410 undis:⁸

257 2443 318 2510 cut
339 2445 367 2510 si
387 2447 472 2512 tollis
494 2469 604 2537 aquas,
627 2471 697 2513 non
721 2461 768 2515 est
786 2447 842 2515 ubi
862 2447 981 2516 saeviat
1000 2450 1093 2537 ignis.

637 2627 725 2702 2475

598 2737 768 2818 Pentadii

644 2843 717 2903 Acis.

213 2953 336 3020 Acidos
356 2957 435 3022 haec
456 2959 560 3025 cernis
580 2962 735 3024 montana
757 2958 923 3023 cacumina
942 2957 1038 3040 busti,

256 3058 390 3144 Aequor
413 3073 443 3124 et
464 3085 505 3126 ex
526 3063 602 3126 imis
626 3064 775 3126 fluminis·
793 3065 842 3125 ire
862 3061 965 3144 iugis?

212 3166 276 3230 Ista
298 3163 455 3252 Cyclopei
478 3166 592 3231 durant
614 3176 822 3228 monumenta
843 3162 977 3228 fluoris!

256 3270 323 3335 Hic
345 3292 454 3354 amor,
478 3270 532 3336 hic
553 3270 646 3334 dolor
669 3281 728 3350 est,
751 3269 885 3334 candida
906 3269 1084 3359 Nymphaj
1112 3281 1201 3337 tuust

128 3390 152 3455 5
218 3377 281 3442 Sed
302 3377 400 3458 bene,
422 3375 450 3440 si
470 3376 581 3464 periit,
602 3376 700 3458 iacet,
721 3375 780 3441 hac
801 3377 865 3441 sub'
881 3378 969 3440 mole
989 3377 1137 3466 sepultus,

82 3467 85 3476 ’
257 3484 391 3548 Nomen
415 3495 445 3547 et
469 3485 615 3551 exultans
636 3483 721 3548 unda
742 3507 884 3572 perenne
906 3483 1005 3550 vehit.
1203 3565 1205 3574 ‚

216 3589 268 3652 Sic
290 3601 398 3655 manet
416 3589 476 3675 *ille
498 3589 645 3674 quidem,
665 3613 769 3676 neque
791 3604 934 3656 mortuus
957 3612 1024 3653 esse
1047 3585 1179 3673 feretur,

256 3693 394 3779 §litaque
414 3715 473 3780 per
494 3692 628 3780 liquidas
652 3697 775 3762 caerula
796 3708 905 3763 manat
926 3717 1029 3782 aquas.

610 3873 619 3880 ”
645 3877 730 3950 248.

604 3983 772 4050 Pentadii
854 4013 856 4018 ·

593 4085 780 4157 Chrysocome.

10 4211 16 4334 i
50 4263 55 4272 ·
239 4227 477 4314 Chrysooome,
503 4208 651 4314 'gladium
670 4221 794 4311 fugiens
815 4227 990 4314 stringente
1011 4223 1140 4304 marito,'

279 4332 380 4398 Texit
399 4333 606 4419 adulterium,
632 4331 738 4400 iudice
759 4343 842 4400 casta
860 4357 930 4406 reo.

165 4433 199 4488 T.
215 4435 237 4488 Ι.
1014 4442 1036 4501 7
