2944 4836
313 571 394 624 Ante.
411 569 457 624 111.
475 585 535 640 229.
569 564 649 617 Extat
667 562 694 614 in
711 560 838 630 Appuleii
856 560 989 633 Apologia
1005 581 1033 633 p.
1049 563 1110 620 4οι.
1143 568 1267 623 Recitem
1287 583 1360 622 nunc

246 671 275 714 ct
291 662 370 727 alios,
387 677 453 731 quos
469 660 512 711 iili
530 655 609 728 quasi
626 652 896 720 intemperatissimos
909 664 1077 720 postremum
1094 658 1191 729 legere.
1207 686 1243 696 -
1265 655 1362 708 Habes

246 752 347 804 crimen
364 767 459 814 meum,
474 747 605 806 Maxima,
623 743 704 809 quasi
719 737 836 809 improbi
853 741 1039 796 comissatoris
1055 747 1088 798 de
1100 747 1180 798 sertis
1197 755 1224 797 et
1241 743 1362 796 canticis

248 839 432 908 compositum.
464 837 520 888 Hie
537 831 608 885 illud
633 829 716 879 etiam
742 827 900 912 reprehendi
924 831 1161 899 animadvertisti,
1185 835 1268 902 qaod,
1296 849 1363 883 cnm

248 928 314 980 aliis
331 922 488 978 nominibus
503 919 583 989 pueri
599 925 743 977 vocentur,
761 931 809 984 ego
827 935 871 970 eos
888 919 1036 972 Charinum
1057 931 1085 973 et
1100 922 1214 973 Critiam
1238 920 1362 990 appelli-

248 1018 341 1068 rarim.
374 1012 478 1068 Eadem
495 1008 584 1079 igitur
601 1023 685 1076 opera
703 1017 832 1057 accusent
850 1010 878 1060 0.
895 1011 1049 1076 Catullum,
1073 1011 1146 1080 quod
1159 1006 1288 1060 Lesbiam
1303 1023 1365 1076 pro

249 1105 344 1157 Clodia
359 1097 517 1161 nominarit,
534 1104 563 1145 et
582 1094 707 1147 Ticidam
724 1092 868 1162 similiter,
885 1097 972 1166 qaod,
991 1116 1062 1169 quae
1076 1097 1192 1150 Metella
1209 1104 1287 1164 erat,
1301 1097 1362 1147 Pe-

248 1193 342 1246 rillam
357 1188 507 1258 scripserit.

315 1282 343 1334 5.
361 1278 457 1340 Critia,
474 1273 533 1342 lux]
550 1273 593 1326 uti
610 1272 714 1328 Critiae
730 1270 779 1323 lux
795 1271 887 1339 vulgo.

318 1382 360 1418 ιο.
377 1361 468 1431 savia]
486 1363 586 1415 suavia
602 1361 691 1429 vulgo.

318 1468 358 1505 ιι.
376 1453 496 1504 animam
513 1452 638 1521 inspires]
654 1451 676 1502 i.
695 1467 720 1502 e.
739 1458 818 1518 atque
835 1448 916 1515 adeo,
936 1451 959 1502 si
977 1451 1088 1504 carmina
1111 1453 1203 1504 facere
1219 1450 1310 1516 voles;
1332 1457 1364 1498 et
1461 1467 1463 1482 ¹

250 1544 320 1596 dona
336 1557 396 1592 mee
413 1548 442 1592 et
458 1539 570 1591 cannino
588 1555 660 1606 mea,
683 1539 836 1607 missicio,
862 1537 992 1592 iacebunt.
1028 1541 1101 1592 dona
1123 1559 1174 1608 pro
1198 1531 1363 1591 substantivo

197 1661 199 1666 .
249 1631 346 1696 habeo,
363 1646 415 1681 non
432 1646 481 1696 pro
497 1628 661 1697 imperativo.
677 1657 713 1667 -
729 1629 807 1698 Quod
824 1625 985 1680 si'animum
1008 1630 1140 1699 inspires,
1166 1631 1240 1682 dona
1257 1637 1285 1680 et
1302 1626 1367 1678 iam

213 1784 215 1788 v
249 1720 381 1773 carmina.
403 1726 497 1769 nostra
515 1719 614 1768 Cedent
630 1717 718 1786 vulgo.

335 1812 410 1884 Quod
429 1812 455 1864 si
472 1813 557 1865 Amor
574 1811 690 1882 inspiret,
715 1814 785 1867 dona
805 1821 832 1866 et
851 1814 906 1866 iam
927 1812 1053 1868 cambra.
1075 1824 1164 1868 nostra
1183 1824 1238 1868 etc.

249 1914 389 1966 Piersonus
409 1909 481 1962 Add.
503 1909 536 1960 B.
554 1907 588 1960 Τ.
604 1909 639 1961 Π.
659 1927 686 1979 p.
712 1913 772 1982 747.
793 1911 908 1964 Bosscha
929 1913 1128 1980 interpretatur:
1152 1909 1234 1978 Quod
1258 1909 1280 1960 si
1303 1917 1369 1961 tum

249 2019 354 2072 quoque
371 1998 480 2058 fistulam
496 1995 584 2050 inflare
597 2001 725 2069 coeperis,
741 2019 821 2069 quum
839 2019 945 2052 munere
963 2009 1010 2052 tuo
1027 1999 1192 2070 superaveris
1208 1997 1278 2050 dona
1290 2013 1369 2058 meas

250 2091 300 2144 iam
318 2103 424 2157 quoque
442 2085 552 2138 camina
568 2095 655 2138 nostra
672 2087 724 2138 tuis
742 2088 836 2140 cedere
856 2089 1000 2142 debebunt.

376 2181 460 2254 Quod,
484 2181 509 2232 si
527 2181 644 2235 animam
664 2182 772 2254 inspires
794 2184 892 2251 dono,
916 2185 971 2236 iam
992 2183 1109 2236 carmina
1129 2193 1219 2236 nostra

200 2313 201 2318 =
250 2277 357 2338 Wakef.
374 2279 407 2332 ad
417 2277 527 2332 Lucret.
543 2279 593 2332 IV.
614 2281 688 2346 1187.
707 2292 735 2332 et
753 2291 826 2334 tenet
842 2283 966 2334 adsuctis
977 2283 1137 2334 humectans
1153 2281 1248 2334 oscula
1263 2277 1364 2332 labris.

250 2369 354 2438 „Vulgo
374 2368 443 2418 dona
461 2377 497 2432 ct,
514 2383 580 2432 quoe
599 2368 690 2419 doctos
707 2369 778 2420 viros
796 2387 902 2436 prorsus
918 2370 1052 2423 ludificata
1074 2373 1166 2424 sunt.“
1187 2399 1225 2411 -
1244 2371 1316 2442 quod
1339 2371 1370 2422 si

252 2459 346 2510 aulum
363 2455 487 2522 inspires,
504 2454 575 2504 dona
592 2464 619 2504 et
638 2456 695 2506 iam
712 2459 836 2508 carmina
851 2469 947 2510 nostra
965 2461 1065 2511 Cedent
1086 2460 1168 2512 Salm.
1183 2460 1217 2514 ad
1232 2458 1316 2513 Solio.
1332 2476 1368 2526 p.

252 2547 296 2602 82.
314 2543 427 2612 „aulum
443 2557 492 2610 pro
509 2539 584 2608 tibia,
602 2558 721 2618 graecam
737 2561 839 2610 vocem,
855 2546 1022 2614 usm'pavit.“
1038 2574 1073 2585 -
1170 2557 1172 2562 ’

791 2629 801 2664 ι

279 2813 280 2818 ’
318 2807 464 2866 Anth.111.
482 2807 540 2877 174.
575 2807 656 2864 Extat
672 2809 700 2862 in
715 2810 843 2880 Appuleii
859 2812 1034 2882 Metemorph.
1051 2830 1080 2881 p.
1096 2815 1157 2868 ὄιι.
1199 2815 1254 2868 Sed
1271 2811 1369 2884 infar-

256 2900 450 2956 tuaatissimae
471 2897 555 2966 filiae
586 2900 753 2952 miserrimus
771 2912 854 2972 pater
874 2903 1039 2972 suspectatis
1062 2902 1221 2956 coelestibus
1242 2904 1314 2955 odiis
1339 2913 1372 2954 et

253 2993 312 3044 irae
326 3005 452 3056 superum
469 2996 598 3050 metuens,
616 2987 660 3038 dei
669 2989 774 3042 Milesii
789 2991 1004 3044 vetustissimum
1017 3004 1199 3060 percontatur
1215 2991 1372 3054 oraculum,

203 3085 206 3093 “
254 3089 283 3132 et
302 3086 380 3130 tanto
397 3074 505 3128 numine
521 3073 647 3142 precibus
663 3087 691 3127 et
704 3077 823 3130 victimis
845 3080 973 3150 ingratae
996 3081 1100 3152 virgini
1113 3083 1189 3152 petit
1209 3081 1322 3150 nuptias
1341 3089 1374 3132 et

254 3167 393 3220 maritam.
428 3165 483 3216 Sed
502 3164 603 3232 Apollo
625 3182 790 3237 quamquam
814 3169 945 3234 Graecas¹
960 3177 988 3220 et
1003 3166 1117 3221 lonicus
1135 3179 1251 3241 propter
1273 3165 1375 3222 Mileti

254 3256 418 3308 conditorem
433 3253 474 3304 sic
490 3255 596 3306 Latina
612 3264 684 3305 sorte
701 3255 841 3322 respondit
857 3264 910 3306 ste.
987 3285 996 3300 κ
1122 3323 1124 3326 .

323 3355 347 3392 ι.
367 3338 476 3407 desiste]
492 3343 591 3392 susiste
610 3351 637 3392 et
655 3340 772 3394 subsiste
788 3361 849 3395 mss.
867 3344 1016 3415 scopulosis
1030 3347 1099 3402 sisic
1115 3343 1240 3400 Oudend-

321 3429 349 3482 4.
367 3429 504 3497 vipereum
521 3428 634 3497 malum]
651 3429 671 3481 i.
691 3446 717 3484 e.
734 3430 901 3500 Cupidinem.

322 3515 481 3588 &stemma
497 3516 585 3587 suem]
598 3520 770 3591 fluminaque
786 3522 876 3589 vuleo·

770 3654 854 3725 230.

322 3770 403 3826 Anth.
421 3771 468 3825 111.
486 3772 547 3824 231·
583 3769 731 3825 Scriverius
748 3774 892 3841 exemplari
916 3793 964 3830 suo
987 3773 1111 3826 editionis
1134 3772 1295 3826 Pithoeenac
1318 3774 1375 3824 od-

256 3858 403 3928 scripserar‚
421 3860 585 3927 scaligerum
604 3861 755 3929 credidisse,
773 3862 825 3913 hoo
843 3881 945 3915 carmen
970 3863 1110 3916 aMurcto
1133 3865 1273 3916 confictum
1300 3879 1380 3928 esse,

256 3949 337 4017 idque
354 3949 404 3999 sibi
421 3945 449 4000 in
466 3968 585 4002 semona
602 3951 724 4004 familiari
748 3969 791 4004 on.
820 3951 895 4004 1604·
922 3968 1048 4004 narrasse.
1082 3949 1125 4004 Ex
1141 3951 1213 4006 Add.
1238 3951 1272 4004 B.
1291 3950 1329 4002 Τ.
1350 3953 1378 4003 Ι.

256 4054 284 4103 p·
306 4037 367 4106 746.
402 4035 485 4107 ldque
502 4027 686 4108 verum'puto.

773 4177 855 4245 231·

326 4287 509 4339 Anth.1.31i
534 4286 615 4340 Aetas
632 4288 776 4345 Modestini
793 4295 892 4346 incerta
915 4303 963 4346 est.
1004 4291 1072 4344 Eum
1095 4292 1163 4344 enim
1187 4308 1244 4343 esse
1261 4290 1387 4345 Heren-

259 4372 329 4422 nium
345 4371 534 4440 Modestflum,
558 4375 735 4444 iurisperitum
752 4381 969 4448 celeberrimum,
994 4382 1040 4450 qui
1059 4380 1241 4436 circionum
1258 4382 1327 4434 240.
1352 4401 1384 4450 p.
