<?xml version="1.0" encoding="UTF-8"?>
<!DOCTYPE html PUBLIC "-//W3C//DTD XHTML 1.0 Transitional//EN"
    "http://www.w3.org/TR/xhtml1/DTD/xhtml1-transitional.dtd">
<html xmlns="http://www.w3.org/1999/xhtml" xml:lang="en" lang="en">
 <head>
  <title>
</title>
<meta http-equiv="Content-Type" content="text/html;charset=utf-8" />
  <meta name='ocr-system' content='tesseract 3.04.00' />
  <meta name='ocr-capabilities' content='ocr_page ocr_carea ocr_par ocr_line ocrx_word'/>
</head>
<body>
  <div class='ocr_page' id='page_1' title='image "./anthologiaveter00burmgoog_0295.png"; bbox 0 0 3002 4816; ppageno 0'>
   <div class='ocr_carea' id='block_1_1' title="bbox 693 211 934 310">
    <p class='ocr_par' dir='ltr' id='par_1_1' title="bbox 693 211 934 310">
     <span class='ocr_line' id='line_1_1' title="bbox 693 211 934 310; baseline -0.004 -49"><span class='ocrx_word' id='word_1_1' title='bbox 693 211 934 310; x_wconf 33' lang='grc' dir='ltr'><em>α-ἳᾷρή.</em></span> 
     </span>
    </p>
   </div>
   <div class='ocr_carea' id='block_1_2' title="bbox 239 387 1366 3535">
    <p class='ocr_par' dir='ltr' id='par_1_2' title="bbox 249 387 1192 689">
     <span class='ocr_line' id='line_1_2' title="bbox 249 387 1096 499; baseline -0.006 -34"><span class='ocrx_word' id='word_1_2' title='bbox 249 408 292 472; x_wconf 88' lang='lat'><strong>60</strong></span> <span class='ocrx_word' id='word_1_3' title='bbox 334 395 453 484; x_wconf 82' lang='lat' dir='ltr'><strong>Meque</strong></span> <span class='ocrx_word' id='word_1_4' title='bbox 468 397 540 499; x_wconf 74' lang='lat' dir='ltr'><strong>sine</strong></span> <span class='ocrx_word' id='word_1_5' title='bbox 553 387 693 488; x_wconf 45' lang='lat' dir='ltr'><strong>&#39;proprio</strong></span> <span class='ocrx_word' id='word_1_6' title='bbox 714 396 830 462; x_wconf 77' lang='lat' dir='ltr'><strong>sectari</strong></span> <span class='ocrx_word' id='word_1_7' title='bbox 850 395 971 486; x_wconf 81' lang='lat' dir='ltr'><strong>praelia</strong></span> <span class='ocrx_word' id='word_1_8' title='bbox 991 417 1096 462; x_wconf 87' lang='lat' dir='ltr'><strong>sensu.</strong></span> 
     </span>
     <span class='ocr_line' id='line_1_3' title="bbox 335 500 1192 588; baseline -0.005 -20"><span class='ocrx_word' id='word_1_9' title='bbox 335 503 414 568; x_wconf 83' lang='lat' dir='ltr'><strong>Non</strong></span> <span class='ocrx_word' id='word_1_10' title='bbox 436 501 482 568; x_wconf 85' lang='lat' dir='ltr'><strong>ita&#39;</strong></span> <span class='ocrx_word' id='word_1_11' title='bbox 502 523 557 566; x_wconf 88' lang='lat' dir='ltr'><strong>me</strong></span> <span class='ocrx_word' id='word_1_12' title='bbox 576 501 703 588; x_wconf 88' lang='lat' dir='ltr'><strong>genitor</strong></span> <span class='ocrx_word' id='word_1_13' title='bbox 722 503 904 588; x_wconf 85' lang='lat' dir='ltr'><strong>praeclarus</strong></span> <span class='ocrx_word' id='word_1_14' title='bbox 923 500 1059 568; x_wconf 89' lang='lat' dir='ltr'><strong>nomine</strong></span> <span class='ocrx_word' id='word_1_15' title='bbox 1080 501 1192 566; x_wconf 84' lang='lat' dir='ltr'><strong>Peleus</strong></span> 
     </span>
     <span class='ocr_line' id='line_1_4' title="bbox 333 597 1176 689; baseline -0.004 -15"><span class='ocrx_word' id='word_1_16' title='bbox 333 607 403 674; x_wconf 86' lang='lat' dir='ltr'><strong>Aut</strong></span> <span class='ocrx_word' id='word_1_17' title='bbox 424 597 536 670; x_wconf 83' lang='lat' dir='ltr'><strong>dilecta</strong></span> <span class='ocrx_word' id='word_1_18' title='bbox 555 603 630 670; x_wconf 86' lang='lat' dir='ltr'><strong>Iovi</strong></span> <span class='ocrx_word' id='word_1_19' title='bbox 651 605 734 672; x_wconf 86' lang='lat' dir='ltr'><strong>fudit</strong></span> <span class='ocrx_word' id='word_1_20' title='bbox 755 605 869 670; x_wconf 85' lang='lat' dir='ltr'><strong>Thetis</strong></span> <span class='ocrx_word' id='word_1_21' title='bbox 891 608 976 674; x_wconf 87' lang='lat' dir='ltr'><strong>alma</strong></span> <span class='ocrx_word' id='word_1_22' title='bbox 996 609 1055 674; x_wconf 86' lang='lat' dir='ltr'><strong>sub</strong></span> <span class='ocrx_word' id='word_1_23' title='bbox 1074 627 1176 689; x_wconf 84' lang='lat' dir='ltr'><strong>auras,</strong></span> 
     </span>
    </p>

    <p class='ocr_par' dir='ltr' id='par_1_3' title="bbox 257 680 1153 910">
     <span class='ocr_line' id='line_1_5' title="bbox 257 680 1153 806; baseline 0 -28"><span class='ocrx_word' id='word_1_24' title='bbox 257 680 274 739; x_wconf 52' lang='lat'><strong>⁹</strong></span> <span class='ocrx_word' id='word_1_25' title='bbox 333 713 538 806; x_wconf 74' lang='lat' dir='ltr'><strong>Degener-ut</strong></span> <span class='ocrx_word' id='word_1_26' title='bbox 556 710 673 776; x_wconf 87' lang='lat' dir='ltr'><strong>lateam</strong></span> <span class='ocrx_word' id='word_1_27' title='bbox 694 709 864 800; x_wconf 70' lang='lat' dir='ltr'><strong>primaevo</strong></span> <span class='ocrx_word' id='word_1_28' title='bbox 886 711 969 776; x_wconf 85' lang='lat' dir='ltr'><strong>flurs</strong></span> <span class='ocrx_word' id='word_1_29' title='bbox 997 713 1153 798; x_wconf 80' lang='lat' dir='ltr'><strong>iuventae,</strong></span> 
     </span>
     <span class='ocr_line' id='line_1_6' title="bbox 272 814 1135 910; baseline 0.002 -29"><span class='ocrx_word' id='word_1_30' title='bbox 272 905 273 910; x_wconf 5' lang='grc' dir='ltr'>ἵ</span> <span class='ocrx_word' id='word_1_31' title='bbox 335 815 443 907; x_wconf 85' lang='lat' dir='ltr'><strong>Maior</strong></span> <span class='ocrx_word' id='word_1_32' title='bbox 464 814 629 903; x_wconf 77' lang='lat' dir='ltr'><strong>etignavo</strong></span> <span class='ocrx_word' id='word_1_33' title='bbox 649 827 773 881; x_wconf 87' lang='lat' dir='ltr'><strong>tantum</strong></span> <span class='ocrx_word' id='word_1_34' title='bbox 793 814 880 898; x_wconf 84' lang='lat' dir='ltr'><strong>mihi</strong></span> <span class='ocrx_word' id='word_1_35' title='bbox 900 823 1024 906; x_wconf 86' lang='lat' dir='ltr'><strong>torpeat</strong></span> <span class='ocrx_word' id='word_1_36' title='bbox 1044 827 1135 900; x_wconf 82' lang='lat' dir='ltr'><strong>setas,</strong></span> 
     </span>
    </p>

    <p class='ocr_par' dir='ltr' id='par_1_4' title="bbox 252 919 1199 1010">
     <span class='ocr_line' id='line_1_7' title="bbox 252 919 1199 1010; baseline -0.004 -21"><span class='ocrx_word' id='word_1_37' title='bbox 252 932 295 999; x_wconf 80' lang='lat'><strong>65</strong></span> <span class='ocrx_word' id='word_1_38' title='bbox 337 919 595 1006; x_wconf 82' lang='lat' dir='ltr'><strong>Abstrudamque</strong></span> <span class='ocrx_word' id='word_1_39' title='bbox 614 919 693 986; x_wconf 82' lang='lat' dir='ltr'><strong>toris</strong></span> <span class='ocrx_word' id='word_1_40' title='bbox 716 921 784 986; x_wconf 88' lang='lat' dir='ltr'><strong>iam</strong></span> <span class='ocrx_word' id='word_1_41' title='bbox 805 919 910 985; x_wconf 85' lang='lat' dir='ltr'><strong>debita</strong></span> <span class='ocrx_word' id='word_1_42' title='bbox 929 934 1057 1010; x_wconf 75' lang='lat' dir='ltr'>pectora</span> <span class='ocrx_word' id='word_1_43' title='bbox 1079 919 1199 1003; x_wconf 87' lang='lat' dir='ltr'><strong>castris,</strong></span> 
     </span>
    </p>

    <p class='ocr_par' dir='ltr' id='par_1_5' title="bbox 337 1024 1298 1222">
     <span class='ocr_line' id='line_1_8' title="bbox 337 1024 1201 1114; baseline -0.005 -20"><span class='ocrx_word' id='word_1_44' title='bbox 337 1028 423 1094; x_wconf 86' lang='lat' dir='ltr'><strong>Cum</strong></span> <span class='ocrx_word' id='word_1_45' title='bbox 443 1047 556 1091; x_wconf 87' lang='lat' dir='ltr'><strong>manus</strong></span> <span class='ocrx_word' id='word_1_46' title='bbox 579 1024 746 1114; x_wconf 73' lang='lat' dir='ltr'><strong>Argivum</strong></span> <span class='ocrx_word' id='word_1_47' title='bbox 767 1024 913 1092; x_wconf 83' lang='lat' dir='ltr'><strong>victricia</strong></span> <span class='ocrx_word' id='word_1_48' title='bbox 933 1027 1020 1094; x_wconf 89' lang='lat' dir='ltr'><strong>ludat</strong></span> <span class='ocrx_word' id='word_1_49' title='bbox 1044 1027 1078 1092; x_wconf 88' lang='lat' dir='ltr'><strong>in</strong></span> <span class='ocrx_word' id='word_1_50' title='bbox 1100 1046 1201 1092; x_wconf 85' lang='lat' dir='ltr'><strong>arma.</strong></span> 
     </span>
     <span class='ocr_line' id='line_1_9' title="bbox 337 1129 1298 1222; baseline -0.005 -24"><span class='ocrx_word' id='word_1_51' title='bbox 337 1129 484 1217; x_wconf 84' lang='lat' dir='ltr'><strong>Denique</strong></span> <span class='ocrx_word' id='word_1_52' title='bbox 513 1151 587 1196; x_wconf 86' lang='lat' dir='ltr'><strong>eum</strong></span> <span class='ocrx_word' id='word_1_53' title='bbox 608 1143 800 1222; x_wconf 86' lang='lat' dir='ltr'><strong>promptum</strong></span> <span class='ocrx_word' id='word_1_54' title='bbox 828 1143 899 1198; x_wconf 82' lang='lat' dir='ltr'><strong>ruet</strong></span> <span class='ocrx_word' id='word_1_55' title='bbox 919 1131 955 1198; x_wconf 88' lang='lat' dir='ltr'><strong>in</strong></span> <span class='ocrx_word' id='word_1_56' title='bbox 977 1133 1150 1198; x_wconf 82' lang='lat' dir='ltr'><strong>certamina</strong></span> <span class='ocrx_word' id='word_1_57' title='bbox 1170 1131 1298 1217; x_wconf 79' lang='lat' dir='ltr'><strong>vulgus,</strong></span> 
     </span>
    </p>

    <p class='ocr_par' dir='ltr' id='par_1_6' title="bbox 252 1233 1135 1432">
     <span class='ocr_line' id='line_1_10' title="bbox 252 1233 1135 1324; baseline 0 -22"><span class='ocrx_word' id='word_1_58' title='bbox 252 1247 254 1260; x_wconf 54' lang='lat'><strong>&#39;¹</strong></span> <span class='ocrx_word' id='word_1_59' title='bbox 340 1238 436 1308; x_wconf 86' lang='lat' dir='ltr'><strong>Solus</strong></span> <span class='ocrx_word' id='word_1_60' title='bbox 455 1259 514 1324; x_wconf 87' lang='lat' dir='ltr'><strong>ego</strong></span> <span class='ocrx_word' id='word_1_61' title='bbox 534 1238 571 1304; x_wconf 88' lang='lat' dir='ltr'><strong>in</strong></span> <span class='ocrx_word' id='word_1_62' title='bbox 592 1238 708 1304; x_wconf 84' lang='lat' dir='ltr'><strong>cunctis</strong></span> <span class='ocrx_word' id='word_1_63' title='bbox 729 1233 846 1312; x_wconf 85' lang='lat' dir='ltr'><strong>infami</strong></span> <span class='ocrx_word' id='word_1_64' title='bbox 867 1257 995 1303; x_wconf 83' lang='lat' dir='ltr'><strong>carcere</strong></span> <span class='ocrx_word' id='word_1_65' title='bbox 1015 1239 1135 1304; x_wconf 89' lang='lat' dir='ltr'><strong>clausus</strong></span> 
     </span>
     <span class='ocr_line' id='line_1_11' title="bbox 340 1341 1123 1432; baseline 0.001 -25"><span class='ocrx_word' id='word_1_66' title='bbox 340 1341 505 1426; x_wconf 83' lang='lat' dir='ltr'><strong>Subducar</strong></span> <span class='ocrx_word' id='word_1_67' title='bbox 524 1345 673 1430; x_wconf 78' lang='lat' dir='ltr'><strong>pugnae?</strong></span> <span class='ocrx_word' id='word_1_68' title='bbox 697 1355 813 1429; x_wconf 84' lang='lat' dir='ltr'><strong>quanto</strong></span> <span class='ocrx_word' id='word_1_69' title='bbox 835 1343 979 1408; x_wconf 86' lang='lat' dir='ltr'><strong>tolerabo</strong></span> <span class='ocrx_word' id='word_1_70' title='bbox 1000 1343 1123 1432; x_wconf 84' lang='lat' dir='ltr'><strong>pudore</strong></span> 
     </span>
    </p>

    <p class='ocr_par' dir='ltr' id='par_1_7' title="bbox 258 1433 1285 1643">
     <span class='ocr_line' id='line_1_12' title="bbox 258 1433 1285 1534; baseline -0.006 -20"><span class='ocrx_word' id='word_1_71' title='bbox 258 1461 302 1525; x_wconf 87' lang='lat'><strong>70</strong></span> <span class='ocrx_word' id='word_1_72' title='bbox 342 1447 400 1514; x_wconf 88' lang='lat' dir='ltr'><strong>Me</strong></span> <span class='ocrx_word' id='word_1_73' title='bbox 414 1444 487 1512; x_wconf 71' lang='lat' dir='ltr'><strong>&#39;nun</strong></span> <span class='ocrx_word' id='word_1_74' title='bbox 508 1445 594 1512; x_wconf 88' lang='lat' dir='ltr'><strong>ferre</strong></span> <span class='ocrx_word' id='word_1_75' title='bbox 613 1445 748 1534; x_wconf 82' lang='lat' dir='ltr'><strong>pedem,</strong></span> <span class='ocrx_word' id='word_1_76' title='bbox 778 1469 841 1533; x_wconf 89' lang='lat' dir='ltr'><strong>quo</strong></span> <span class='ocrx_word' id='word_1_77' title='bbox 864 1445 927 1512; x_wconf 84' lang='lat' dir='ltr'><strong>fert</strong></span> <span class='ocrx_word' id='word_1_78' title='bbox 947 1433 1129 1528; x_wconf 80' lang='lat' dir='ltr'><strong>Thersites,</strong></span> <span class='ocrx_word' id='word_1_79' title='bbox 1150 1447 1185 1512; x_wconf 88' lang='lat' dir='ltr'><strong>in</strong></span> <span class='ocrx_word' id='word_1_80' title='bbox 1208 1467 1285 1510; x_wconf 89' lang='lat' dir='ltr'><strong>omn</strong></span> 
     </span>
     <span class='ocr_line' id='line_1_13' title="bbox 342 1543 1207 1643; baseline -0.003 -23"><span class='ocrx_word' id='word_1_81' title='bbox 342 1555 435 1643; x_wconf 76' lang='lat' dir='ltr'><strong>Parte</strong></span> <span class='ocrx_word' id='word_1_82' title='bbox 454 1551 570 1636; x_wconf 87' lang='lat' dir='ltr'><strong>miser,</strong></span> <span class='ocrx_word' id='word_1_83' title='bbox 597 1550 705 1617; x_wconf 87' lang='lat' dir='ltr'><strong>forma</strong></span> <span class='ocrx_word' id='word_1_84' title='bbox 724 1543 880 1636; x_wconf 78' lang='lat' dir='ltr'><strong>breuior,¹</strong></span> <span class='ocrx_word' id='word_1_85' title='bbox 902 1563 1071 1637; x_wconf 85' lang='lat' dir='ltr'><strong>menteque</strong></span> <span class='ocrx_word' id='word_1_86' title='bbox 1093 1547 1207 1638; x_wconf 70' lang='lat' dir='ltr'><strong>fugaci.</strong></span> 
     </span>
    </p>

    <p class='ocr_par' dir='ltr' id='par_1_8' title="bbox 342 1655 1366 1957">
     <span class='ocr_line' id='line_1_14' title="bbox 344 1655 1153 1744; baseline -0.006 -19"><span class='ocrx_word' id='word_1_87' title='bbox 344 1660 437 1726; x_wconf 84' lang='lat' dir='ltr'><strong>Absit</strong></span> <span class='ocrx_word' id='word_1_88' title='bbox 458 1658 497 1723; x_wconf 93' lang='lat' dir='ltr'><strong>ab</strong></span> <span class='ocrx_word' id='word_1_89' title='bbox 519 1657 649 1744; x_wconf 87' lang='lat' dir='ltr'><strong>ingenio</strong></span> <span class='ocrx_word' id='word_1_90' title='bbox 671 1670 702 1724; x_wconf 82' lang='lat' dir='ltr'><strong>et</strong></span> <span class='ocrx_word' id='word_1_91' title='bbox 723 1655 848 1722; x_wconf 84' lang='lat' dir='ltr'><strong>viribus</strong></span> <span class='ocrx_word' id='word_1_92' title='bbox 870 1656 1098 1738; x_wconf 80' lang='lat' dir='ltr'>Aeacidarum,</span> <span class='ocrx_word' id='word_1_93' title='bbox 1150 1667 1153 1674; x_wconf 89' lang='grc'><strong><em>’</em></strong></span> 
     </span>
     <span class='ocr_line' id='line_1_15' title="bbox 342 1763 1260 1853; baseline -0.007 -21"><span class='ocrx_word' id='word_1_94' title='bbox 342 1767 389 1832; x_wconf 84' lang='lat' dir='ltr'><strong>Ut</strong></span> <span class='ocrx_word' id='word_1_95' title='bbox 408 1764 512 1830; x_wconf 87' lang='lat' dir='ltr'><strong>vitem</strong></span> <span class='ocrx_word' id='word_1_96' title='bbox 530 1787 593 1853; x_wconf 90' lang='lat' dir='ltr'><strong>pro</strong></span> <span class='ocrx_word' id='word_1_97' title='bbox 614 1763 707 1829; x_wconf 81' lang='lat' dir='ltr'><strong>laude</strong></span> <span class='ocrx_word' id='word_1_98' title='bbox 729 1763 817 1828; x_wconf 86' lang='lat' dir='ltr'><strong>mori</strong></span> <span class='ocrx_word' id='word_1_99' title='bbox 837 1775 1040 1849; x_wconf 87' lang='lat' dir='ltr'><strong>metuamque</strong></span> <span class='ocrx_word' id='word_1_100' title='bbox 1059 1781 1260 1851; x_wconf 85' lang='lat' dir='ltr'><strong>supremum,</strong></span> 
     </span>
     <span class='ocr_line' id='line_1_16' title="bbox 346 1863 1366 1957; baseline -0.004 -22"><span class='ocrx_word' id='word_1_101' title='bbox 346 1864 454 1956; x_wconf 85' lang='lat' dir='ltr'><strong>Quem</strong></span> <span class='ocrx_word' id='word_1_102' title='bbox 471 1869 543 1952; x_wconf 82' lang='lat' dir='ltr'><strong>das,</strong></span> <span class='ocrx_word' id='word_1_103' title='bbox 565 1870 682 1952; x_wconf 83' lang='lat' dir='ltr'><strong>Parca,</strong></span> <span class='ocrx_word' id='word_1_104' title='bbox 703 1869 806 1934; x_wconf 73' lang='lat' dir='ltr'><strong>diemz</strong></span> <span class='ocrx_word' id='word_1_105' title='bbox 828 1869 1001 1934; x_wconf 88' lang='lat' dir='ltr'><strong>mihinam</strong></span> <span class='ocrx_word' id='word_1_106' title='bbox 1016 1863 1225 1957; x_wconf 80' lang='lat' dir='ltr'><strong>luxamplior</strong></span> <span class='ocrx_word' id='word_1_107' title='bbox 1240 1868 1295 1932; x_wconf 90' lang='lat' dir='ltr'><strong>illa</strong></span> <span class='ocrx_word' id='word_1_108' title='bbox 1311 1879 1366 1950; x_wconf 87' lang='lat' dir='ltr'><strong>est,</strong></span> 
     </span>
    </p>

    <p class='ocr_par' dir='ltr' id='par_1_9' title="bbox 261 1973 1283 2274">
     <span class='ocr_line' id='line_1_17' title="bbox 261 1973 1241 2063; baseline 0.001 -23"><span class='ocrx_word' id='word_1_109' title='bbox 261 1986 305 2050; x_wconf 84' lang='lat'><strong>75</strong></span> <span class='ocrx_word' id='word_1_110' title='bbox 347 1975 437 2062; x_wconf 84' lang='lat' dir='ltr'><strong>Quae</strong></span> <span class='ocrx_word' id='word_1_111' title='bbox 456 1976 579 2042; x_wconf 77' lang='lat' dir='ltr'><strong>virtute</strong></span> <span class='ocrx_word' id='word_1_112' title='bbox 600 1975 691 2057; x_wconf 81' lang='lat' dir='ltr'><strong>cluit,</strong></span> <span class='ocrx_word' id='word_1_113' title='bbox 719 1997 798 2062; x_wconf 85' lang='lat' dir='ltr'><strong>quae</strong></span> <span class='ocrx_word' id='word_1_114' title='bbox 819 1975 919 2041; x_wconf 84' lang='lat' dir='ltr'><strong>nescit</strong></span> <span class='ocrx_word' id='word_1_115' title='bbox 939 1975 1073 2040; x_wconf 80' lang='lat' dir='ltr'><strong>claustra</strong></span> <span class='ocrx_word' id='word_1_116' title='bbox 1092 1973 1241 2063; x_wconf 78' lang='lat' dir='ltr'><strong>sepulcri·</strong></span> 
     </span>
     <span class='ocr_line' id='line_1_18' title="bbox 349 2076 1283 2168; baseline -0.002 -24"><span class='ocrx_word' id='word_1_117' title='bbox 349 2081 496 2166; x_wconf 91' lang='lat' dir='ltr'><strong>Namque</strong></span> <span class='ocrx_word' id='word_1_118' title='bbox 518 2077 661 2146; x_wconf 86' lang='lat' dir='ltr'><strong>hominis</strong></span> <span class='ocrx_word' id='word_1_119' title='bbox 687 2101 816 2168; x_wconf 86' lang='lat' dir='ltr'><strong>semper</strong></span> <span class='ocrx_word' id='word_1_120' title='bbox 835 2079 1029 2146; x_wconf 85' lang='lat' dir='ltr'><strong>meritorum</strong></span> <span class='ocrx_word' id='word_1_121' title='bbox 1049 2080 1119 2164; x_wconf 87' lang='lat' dir='ltr'><strong>lege</strong></span> <span class='ocrx_word' id='word_1_122' title='bbox 1139 2076 1283 2168; x_wconf 66' lang='lat' dir='ltr'><strong>perenni5</strong></span> 
     </span>
     <span class='ocr_line' id='line_1_19' title="bbox 347 2182 1170 2274; baseline -0.007 -22"><span class='ocrx_word' id='word_1_123' title='bbox 347 2187 455 2274; x_wconf 89' lang='lat' dir='ltr'><strong>Quam</strong></span> <span class='ocrx_word' id='word_1_124' title='bbox 474 2184 599 2252; x_wconf 86' lang='lat' dir='ltr'><strong>breviat</strong></span> <span class='ocrx_word' id='word_1_125' title='bbox 620 2183 737 2268; x_wconf 88' lang='lat' dir='ltr'><strong>fatum,</strong></span> <span class='ocrx_word' id='word_1_126' title='bbox 757 2196 910 2272; x_wconf 82' lang='lat' dir='ltr'><strong>propagat</strong></span> <span class='ocrx_word' id='word_1_127' title='bbox 930 2183 1032 2270; x_wconf 86' lang='lat' dir='ltr'><strong>gloria</strong></span> <span class='ocrx_word' id='word_1_128' title='bbox 1054 2182 1170 2247; x_wconf 79' lang='lat' dir='ltr'><strong>vitam.</strong></span> 
     </span>
    </p>

    <p class='ocr_par' dir='ltr' id='par_1_10' title="bbox 350 2285 1216 2480">
     <span class='ocr_line' id='line_1_20' title="bbox 350 2285 1199 2378; baseline -0.007 -20"><span class='ocrx_word' id='word_1_129' title='bbox 350 2293 437 2378; x_wconf 87' lang='lat' dir='ltr'><strong>Ergo</strong></span> <span class='ocrx_word' id='word_1_130' title='bbox 458 2291 582 2357; x_wconf 86' lang='lat' dir='ltr'><strong>animus</strong></span> <span class='ocrx_word' id='word_1_131' title='bbox 603 2289 705 2356; x_wconf 84' lang='lat' dir='ltr'><strong>fideus</strong></span> <span class='ocrx_word' id='word_1_132' title='bbox 726 2288 762 2354; x_wconf 84' lang='lat' dir='ltr'><strong>in</strong></span> <span class='ocrx_word' id='word_1_133' title='bbox 787 2285 938 2354; x_wconf 86' lang='lat' dir='ltr'><strong>Dardana</strong></span> <span class='ocrx_word' id='word_1_134' title='bbox 959 2287 1078 2352; x_wconf 79' lang='lat' dir='ltr'><strong>saeviat</strong></span> <span class='ocrx_word' id='word_1_135' title='bbox 1098 2307 1199 2372; x_wconf 86' lang='lat' dir='ltr'><strong>arma,</strong></span> 
     </span>
     <span class='ocr_line' id='line_1_21' title="bbox 350 2391 1216 2480; baseline -0.002 -20"><span class='ocrx_word' id='word_1_136' title='bbox 350 2396 421 2460; x_wconf 90' lang='lat' dir='ltr'><strong>Nec</strong></span> <span class='ocrx_word' id='word_1_137' title='bbox 441 2393 524 2461; x_wconf 89' lang='lat' dir='ltr'><strong>mihi</strong></span> <span class='ocrx_word' id='word_1_138' title='bbox 543 2394 610 2459; x_wconf 91' lang='lat' dir='ltr'><strong>iam</strong></span> <span class='ocrx_word' id='word_1_139' title='bbox 633 2394 756 2480; x_wconf 84' lang='lat' dir='ltr'><strong>gemini</strong></span> <span class='ocrx_word' id='word_1_140' title='bbox 777 2393 908 2458; x_wconf 88' lang='lat' dir='ltr'><strong>dilectus</strong></span> <span class='ocrx_word' id='word_1_141' title='bbox 933 2391 1078 2479; x_wconf 83' lang='lat' dir='ltr'><strong>pignoris</strong></span> <span class='ocrx_word' id='word_1_142' title='bbox 1099 2392 1216 2474; x_wconf 69' lang='lat' dir='ltr'><strong>obstetg</strong></span> 
     </span>
    </p>

    <p class='ocr_par' dir='ltr' id='par_1_11' title="bbox 266 2497 1331 2799">
     <span class='ocr_line' id='line_1_22' title="bbox 266 2497 1331 2586; baseline -0.003 -21"><span class='ocrx_word' id='word_1_143' title='bbox 266 2517 309 2578; x_wconf 78' lang='lat'><strong>80</strong></span> <span class='ocrx_word' id='word_1_144' title='bbox 350 2499 556 2568; x_wconf 86' lang='lat' dir='ltr'><strong>Deidamiam</strong></span> <span class='ocrx_word' id='word_1_145' title='bbox 576 2499 804 2586; x_wconf 87' lang='lat' dir='ltr'><strong>Pyrrhumque</strong></span> <span class='ocrx_word' id='word_1_146' title='bbox 828 2519 918 2560; x_wconf 86' lang='lat' dir='ltr'><strong>meos</strong></span> <span class='ocrx_word' id='word_1_147' title='bbox 939 2515 1025 2560; x_wconf 90' lang='lat' dir='ltr'><strong>nunc</strong></span> <span class='ocrx_word' id='word_1_148' title='bbox 1047 2497 1166 2583; x_wconf 83' lang='lat' dir='ltr'><strong>Scyros</strong></span> <span class='ocrx_word' id='word_1_149' title='bbox 1187 2497 1331 2584; x_wconf 59' lang='lat' dir='ltr'><strong>habebitd</strong></span> 
     </span>
     <span class='ocr_line' id='line_1_23' title="bbox 352 2601 1273 2692; baseline -0.002 -20"><span class='ocrx_word' id='word_1_150' title='bbox 352 2606 488 2672; x_wconf 83' lang='lat' dir='ltr'><strong>Visuros</strong></span> <span class='ocrx_word' id='word_1_151' title='bbox 508 2613 656 2670; x_wconf 85' lang='lat' dir='ltr'><strong>nostrum</strong></span> <span class='ocrx_word' id='word_1_152' title='bbox 676 2603 815 2669; x_wconf 80' lang='lat' dir='ltr'><strong>reditum</strong></span> <span class='ocrx_word' id='word_1_153' title='bbox 838 2601 1037 2688; x_wconf 69' lang='lat' dir='ltr'><strong>celeremque</strong></span> <span class='ocrx_word' id='word_1_154' title='bbox 1057 2603 1273 2692; x_wconf 86' lang='lat' dir='ltr'><strong>triumphum.</strong></span> 
     </span>
     <span class='ocr_line' id='line_1_24' title="bbox 351 2699 1232 2799; baseline -0.001 -23"><span class='ocrx_word' id='word_1_155' title='bbox 351 2699 408 2776; x_wconf 88' lang='lat' dir='ltr'><strong>Me</strong></span> <span class='ocrx_word' id='word_1_156' title='bbox 425 2710 532 2799; x_wconf 89' lang='lat' dir='ltr'><strong>pudor</strong></span> <span class='ocrx_word' id='word_1_157' title='bbox 552 2709 695 2776; x_wconf 77' lang='lat' dir='ltr'><strong>hortatur</strong></span> <span class='ocrx_word' id='word_1_158' title='bbox 715 2725 827 2797; x_wconf 83' lang='lat' dir='ltr'><strong>rapere</strong></span> <span class='ocrx_word' id='word_1_159' title='bbox 847 2708 881 2772; x_wconf 90' lang='lat' dir='ltr'><strong>in</strong></span> <span class='ocrx_word' id='word_1_160' title='bbox 903 2708 1078 2774; x_wconf 85' lang='lat' dir='ltr'><strong>certamina</strong></span> <span class='ocrx_word' id='word_1_161' title='bbox 1098 2732 1232 2794; x_wconf 88' lang='lat' dir='ltr'><strong>gressus.</strong></span> 
     </span>
    </p>

    <p class='ocr_par' dir='ltr' id='par_1_12' title="bbox 323 2799 1265 3006">
     <span class='ocr_line' id='line_1_25' title="bbox 323 2799 1265 2904; baseline -0.003 -23"><span class='ocrx_word' id='word_1_162' title='bbox 323 2799 326 2808; x_wconf 45' lang='lat'>⁵</span> <span class='ocrx_word' id='word_1_163' title='bbox 352 2817 450 2881; x_wconf 77' lang='lat' dir='ltr'><strong>Ferre</strong></span> <span class='ocrx_word' id='word_1_164' title='bbox 469 2828 557 2904; x_wconf 86' lang='lat' dir='ltr'><strong>putes</strong></span> <span class='ocrx_word' id='word_1_165' title='bbox 578 2835 809 2901; x_wconf 84' lang='lat' dir='ltr'><strong>quaecumque,</strong></span> <span class='ocrx_word' id='word_1_166' title='bbox 830 2813 937 2877; x_wconf 82' lang='lat' dir='ltr'><strong>labans</strong></span> <span class='ocrx_word' id='word_1_167' title='bbox 959 2813 1150 2878; x_wconf 81' lang='lat' dir='ltr'><strong>successibus</strong></span> <span class='ocrx_word' id='word_1_168' title='bbox 1173 2828 1265 2898; x_wconf 86' lang='lat' dir='ltr'><strong>setas,</strong></span> 
     </span>
     <span class='ocr_line' id='line_1_26' title="bbox 325 2918 1175 3006; baseline 0.004 -22"><span class='ocrx_word' id='word_1_169' title='bbox 325 2938 328 2950; x_wconf 88' lang='lat'>&#39;</span> <span class='ocrx_word' id='word_1_170' title='bbox 353 2919 472 3006; x_wconf 79' lang='lat' dir='ltr'><strong>Exegi,</strong></span> <span class='ocrx_word' id='word_1_171' title='bbox 492 2921 665 2985; x_wconf 84' lang='lat' dir='ltr'><strong>observans</strong></span> <span class='ocrx_word' id='word_1_172' title='bbox 686 2918 796 2984; x_wconf 86' lang='lat' dir='ltr'><strong>matris</strong></span> <span class='ocrx_word' id='word_1_173' title='bbox 817 2929 983 3005; x_wconf 75' lang='lat' dir='ltr'><strong>praecepta</strong></span> <span class='ocrx_word' id='word_1_174' title='bbox 1004 2918 1175 2987; x_wconf 86' lang='lat' dir='ltr'><strong>verendae.</strong></span> 
     </span>
    </p>

    <p class='ocr_par' dir='ltr' id='par_1_13' title="bbox 247 3019 1092 3110">
     <span class='ocr_line' id='line_1_27' title="bbox 247 3019 1092 3110; baseline -0.001 -20"><span class='ocrx_word' id='word_1_175' title='bbox 247 3022 248 3026; x_wconf 60' lang='grc'>’</span> <span class='ocrx_word' id='word_1_176' title='bbox 269 3038 312 3102; x_wconf 78' lang='lat'><strong>85</strong></span> <span class='ocrx_word' id='word_1_177' title='bbox 353 3019 470 3090; x_wconf 84' lang='lat' dir='ltr'><strong>Induxi</strong></span> <span class='ocrx_word' id='word_1_178' title='bbox 493 3025 608 3090; x_wconf 78' lang='lat' dir='ltr'><strong>moiles</strong></span> <span class='ocrx_word' id='word_1_179' title='bbox 627 3024 754 3090; x_wconf 79' lang='lat' dir='ltr'><strong>habitus</strong></span> <span class='ocrx_word' id='word_1_180' title='bbox 775 3024 862 3086; x_wconf 89' lang='lat' dir='ltr'><strong>velut</strong></span> <span class='ocrx_word' id='word_1_181' title='bbox 882 3021 964 3088; x_wconf 75' lang='lat' dir='ltr'><strong>erlita</strong></span> <span class='ocrx_word' id='word_1_182' title='bbox 986 3023 1092 3110; x_wconf 88' lang='lat' dir='ltr'><strong>virgo,</strong></span> 
     </span>
    </p>

    <p class='ocr_par' dir='ltr' id='par_1_14' title="bbox 239 3126 1289 3427">
     <span class='ocr_line' id='line_1_28' title="bbox 239 3126 1227 3213; baseline 0.001 -17"><span class='ocrx_word' id='word_1_183' title='bbox 239 3171 241 3180; x_wconf 51' lang='grc' dir='ltr'><strong><em>ι</em></strong></span> <span class='ocrx_word' id='word_1_184' title='bbox 353 3130 506 3200; x_wconf 84' lang='lat' dir='ltr'><strong>Lusimus</strong></span> <span class='ocrx_word' id='word_1_185' title='bbox 527 3143 575 3213; x_wconf 81' lang='lat' dir='ltr'><strong>et,</strong></span> <span class='ocrx_word' id='word_1_186' title='bbox 596 3129 682 3196; x_wconf 84' lang='lat' dir='ltr'><strong>tactis</strong></span> <span class='ocrx_word' id='word_1_187' title='bbox 702 3126 902 3195; x_wconf 78' lang='lat' dir='ltr'><strong>modulantes</strong></span> <span class='ocrx_word' id='word_1_188' title='bbox 922 3128 1066 3194; x_wconf 76' lang='lat' dir='ltr'><strong>earmina</strong></span> <span class='ocrx_word' id='word_1_189' title='bbox 1088 3130 1227 3197; x_wconf 87' lang='lat' dir='ltr'><strong>chordis.</strong></span> 
     </span>
     <span class='ocr_line' id='line_1_29' title="bbox 354 3231 1188 3324; baseline 0.004 -25"><span class='ocrx_word' id='word_1_190' title='bbox 354 3234 472 3301; x_wconf 84' lang='lat' dir='ltr'><strong>Virtuti</strong></span> <span class='ocrx_word' id='word_1_191' title='bbox 492 3233 651 3321; x_wconf 84' lang='lat' dir='ltr'><strong>adsurgat,</strong></span> <span class='ocrx_word' id='word_1_192' title='bbox 673 3231 775 3300; x_wconf 85' lang='lat' dir='ltr'><strong>fuerat</strong></span> <span class='ocrx_word' id='word_1_193' title='bbox 795 3253 1011 3318; x_wconf 88' lang='lat' dir='ltr'><strong>quaecumque</strong></span> <span class='ocrx_word' id='word_1_194' title='bbox 1031 3237 1188 3324; x_wconf 84' lang='lat' dir='ltr'><strong>voluptas.</strong></span> 
     </span>
     <span class='ocr_line' id='line_1_30' title="bbox 355 3335 1289 3427; baseline 0 -23"><span class='ocrx_word' id='word_1_195' title='bbox 355 3340 504 3406; x_wconf 84' lang='lat' dir='ltr'><strong>Succedat</strong></span> <span class='ocrx_word' id='word_1_196' title='bbox 523 3338 648 3406; x_wconf 85' lang='lat' dir='ltr'><strong>ferrum</strong></span> <span class='ocrx_word' id='word_1_197' title='bbox 670 3338 826 3404; x_wconf 73' lang='lat' dir='ltr'><strong>citharae:</strong></span> <span class='ocrx_word' id='word_1_198' title='bbox 849 3335 932 3422; x_wconf 87' lang='lat' dir='ltr'><strong>quud</strong></span> <span class='ocrx_word' id='word_1_199' title='bbox 954 3339 1053 3404; x_wconf 88' lang='lat' dir='ltr'><strong>nutrit</strong></span> <span class='ocrx_word' id='word_1_200' title='bbox 1073 3361 1208 3422; x_wconf 84' lang='lat' dir='ltr'><strong>amores,</strong></span> <span class='ocrx_word' id='word_1_201' title='bbox 1287 3422 1289 3427; x_wconf 89' lang='lat'>.</span> 
     </span>
    </p>

    <p class='ocr_par' dir='ltr' id='par_1_15' title="bbox 285 3440 1336 3535">
     <span class='ocr_line' id='line_1_31' title="bbox 285 3440 1336 3535; baseline -0.001 -24"><span class='ocrx_word' id='word_1_202' title='bbox 285 3501 288 3519; x_wconf 88' lang='grc'><em>,</em></span> <span class='ocrx_word' id='word_1_203' title='bbox 354 3447 542 3534; x_wconf 80' lang='lat' dir='ltr'><strong>Depensum</strong></span> <span class='ocrx_word' id='word_1_204' title='bbox 563 3457 610 3516; x_wconf 77' lang='lat' dir='ltr'><strong>est</strong></span> <span class='ocrx_word' id='word_1_205' title='bbox 628 3441 762 3510; x_wconf 84' lang='lat' dir='ltr'><strong>Veneri.</strong></span> <span class='ocrx_word' id='word_1_206' title='bbox 802 3440 989 3506; x_wconf 73' lang='lat' dir='ltr'><strong>Reddimus</strong></span> <span class='ocrx_word' id='word_1_207' title='bbox 1006 3455 1112 3509; x_wconf 79' lang='lat' dir='ltr'><strong>cetera</strong></span> <span class='ocrx_word' id='word_1_208' title='bbox 1133 3445 1247 3511; x_wconf 85' lang='lat' dir='ltr'><strong>Marti!</strong></span> <span class='ocrx_word' id='word_1_209' title='bbox 1334 3531 1336 3535; x_wconf 19' lang='grc' dir='ltr'>ι</span> 
     </span>
    </p>
   </div>
   <div class='ocr_carea' id='block_1_3' title="bbox 629 3609 1009 3698">
    <p class='ocr_par' dir='ltr' id='par_1_16' title="bbox 629 3609 1009 3698">
     <span class='ocr_line' id='line_1_32' title="bbox 629 3609 1009 3698; baseline -0.003 -18"><span class='ocrx_word' id='word_1_210' title='bbox 629 3609 762 3680; x_wconf 78' lang='lat' dir='ltr'><strong>Liber</strong></span> <span class='ocrx_word' id='word_1_211' title='bbox 784 3611 1009 3698; x_wconf 77' lang='lat' dir='ltr'><strong>secundus.</strong></span> 
     </span>
    </p>
   </div>
   <div class='ocr_carea' id='block_1_4' title="bbox 358 3875 1291 4398">
    <p class='ocr_par' dir='ltr' id='par_1_17' title="bbox 358 3875 1291 4398">
     <span class='ocr_line' id='line_1_33' title="bbox 731 3875 914 3962; baseline 0.011 -18"><span class='ocrx_word' id='word_1_212' title='bbox 731 3875 787 3962; x_wconf 78' lang='lat' dir='ltr'><strong>De</strong></span> <span class='ocrx_word' id='word_1_213' title='bbox 805 3879 914 3946; x_wconf 75' lang='lat' dir='ltr'><strong>Niso.</strong></span> 
     </span>
     <span class='ocr_line' id='line_1_34' title="bbox 358 3993 1203 4084; baseline -0.001 -24"><span class='ocrx_word' id='word_1_214' title='bbox 358 3996 464 4060; x_wconf 90' lang='lat' dir='ltr'><strong>Ninus</strong></span> <span class='ocrx_word' id='word_1_215' title='bbox 485 3994 524 4058; x_wconf 91' lang='lat' dir='ltr'><strong>ab</strong></span> <span class='ocrx_word' id='word_1_216' title='bbox 546 3993 785 4082; x_wconf 78' lang='lat' dir='ltr'><strong>Assyriis&#39;sum</strong></span> <span class='ocrx_word' id='word_1_217' title='bbox 806 3995 930 4084; x_wconf 88' lang='lat' dir='ltr'><strong>primus</strong></span> <span class='ocrx_word' id='word_1_218' title='bbox 953 3996 1079 4082; x_wconf 90' lang='lat' dir='ltr'><strong>regibus</strong></span> <span class='ocrx_word' id='word_1_219' title='bbox 1102 4019 1203 4076; x_wconf 86' lang='lat' dir='ltr'><strong>ausus,</strong></span> 
     </span>
     <span class='ocr_line' id='line_1_35' title="bbox 359 4096 1221 4190; baseline -0.002 -24"><span class='ocrx_word' id='word_1_220' title='bbox 359 4100 438 4166; x_wconf 90' lang='lat' dir='ltr'><strong>Non</strong></span> <span class='ocrx_word' id='word_1_221' title='bbox 459 4096 558 4166; x_wconf 87' lang='lat' dir='ltr'><strong>modo</strong></span> <span class='ocrx_word' id='word_1_222' title='bbox 579 4097 733 4166; x_wconf 85' lang='lat' dir='ltr'><strong>finitimos</strong></span> <span class='ocrx_word' id='word_1_223' title='bbox 754 4101 887 4190; x_wconf 87' lang='lat' dir='ltr'><strong>populos</strong></span> <span class='ocrx_word' id='word_1_224' title='bbox 909 4125 1060 4187; x_wconf 79' lang='lat' dir='ltr'><strong>regesque</strong></span> <span class='ocrx_word' id='word_1_225' title='bbox 1079 4113 1221 4188; x_wconf 83' lang='lat' dir='ltr'><strong>potentes</strong></span> 
     </span>
     <span class='ocr_line' id='line_1_36' title="bbox 358 4203 1147 4292; baseline 0.001 -25"><span class='ocrx_word' id='word_1_226' title='bbox 358 4203 499 4292; x_wconf 85' lang='lat' dir='ltr'><strong>Imperio</strong></span> <span class='ocrx_word' id='word_1_227' title='bbox 522 4203 670 4291; x_wconf 87' lang='lat' dir='ltr'><strong>pressisse</strong></span> <span class='ocrx_word' id='word_1_228' title='bbox 684 4229 775 4291; x_wconf 84' lang='lat' dir='ltr'><strong>meu,</strong></span> <span class='ocrx_word' id='word_1_229' title='bbox 794 4207 849 4274; x_wconf 85' lang='lat' dir='ltr'><strong>sed</strong></span> <span class='ocrx_word' id='word_1_230' title='bbox 871 4205 991 4272; x_wconf 89' lang='lat' dir='ltr'><strong>viribus</strong></span> <span class='ocrx_word' id='word_1_231' title='bbox 1013 4227 1147 4270; x_wconf 88' lang='lat' dir='ltr'><strong>omnem</strong></span> 
     </span>
     <span class='ocr_line' id='line_1_37' title="bbox 360 4309 1291 4398; baseline -0.002 -20"><span class='ocrx_word' id='word_1_232' title='bbox 360 4310 464 4378; x_wconf 86' lang='lat' dir='ltr'><strong>Paene</strong></span> <span class='ocrx_word' id='word_1_233' title='bbox 486 4309 603 4374; x_wconf 86' lang='lat' dir='ltr'><strong>Asiam</strong></span> <span class='ocrx_word' id='word_1_234' title='bbox 625 4309 753 4393; x_wconf 87' lang='lat' dir='ltr'><strong>domui,</strong></span> <span class='ocrx_word' id='word_1_235' title='bbox 773 4324 935 4396; x_wconf 75' lang='lat' dir='ltr'><strong>terraeque</strong></span> <span class='ocrx_word' id='word_1_236' title='bbox 955 4311 1099 4398; x_wconf 83' lang='lat' dir='ltr'><strong>marique</strong></span> <span class='ocrx_word' id='word_1_237' title='bbox 1119 4311 1291 4376; x_wconf 80' lang='lat' dir='ltr'><strong>timendus.</strong></span> 
     </span>
    </p>
   </div>
   <div class='ocr_carea' id='block_1_5' title="bbox 1485 1691 1487 1776">
    <p class='ocr_par' dir='ltr' id='par_1_18' title="bbox 1485 1691 1487 1787">
     <span class='ocr_line' id='line_1_38' title="bbox 1485 1691 1487 1776; baseline 0 5"><span class='ocrx_word' id='word_1_238' title='bbox 1485 1691 1487 1776; x_wconf 77' lang='lat' dir='ltr'><strong>i</strong></span> 
     </span>
    </p>
   </div>
   <div class='ocr_carea' id='block_1_6' title="bbox 0 0 1531 4816">
    <p class='ocr_par' dir='ltr' id='par_1_19' title="bbox 0 0 1531 4816">
     <span class='ocr_line' id='line_1_39' title="bbox 0 0 1531 4816; baseline 0 0"><span class='ocrx_word' id='word_1_239' title='bbox 0 0 1531 4816; x_wconf 95' lang='lat' dir='ltr'><strong> </strong></span> 
     </span>
    </p>
   </div>
  </div>
 </body>
</html>
