2876 4824
7 1181 9 1228 l

7 1263 8 1324 l

7 1333 9 1364 i

613 153 757 202 XXXIX

120 333 209 404 155.
236 329 477 424 Reposionus.
506 357 561 428 ep.
587 333 671 424 559.
702 329 745 402 Α.
768 333 798 404 Ι.
825 353 884 422 72.
916 336 1030 409 Poeta
1041 338 1229 430 pessimus.

118 453 209 522 154.
234 451 276 522 V
273 450 455 523 ictorinus.
492 454 656 524 Mansius
688 454 875 526 adnotavit
904 454 943 524 in
965 457 1124 528 Fabricii
1142 459 1228 528 bibl.

221 552 282 622 lat.
308 576 356 624 m.
384 567 420 624 et
443 557 468 624 i.
493 559 560 625 aot.
588 555 634 622 Τ.
662 553 727 626 Vl.
751 579 788 647 p.
816 556 901 628 150:
935 553 1138 645 ‚‚Auctores
1163 557 1227 626 hi·-

205 655 356 724 storiae
370 655 568 725 litterariae
580 653 741 724 Gallicae
757 656 978 744 existimant,
992 680 1123 749 poema
1136 657 1226 728 illud
1354 679 1356 682 ·

221 747 292 845 (ep.
305 751 422 844 997),
448 756 545 847 quod
569 754 726 826 fabulam
740 755 934 846 Pasiphaes
958 757 1086 827 metris
1101 757 1226 824 omni-

218 853 287 923 bus
299 854 510 924 Horatianis
522 856 711 946 exprimit,
729 879 807 924 esse
818 855 957 926 Rufini.
999 854 1129 949 Longe
1140 879 1224 924 me-

216 953 289 1022 lior
314 965 369 1024 est
394 957 574 1025 sententia
591 954 750 1024 Fabricii
776 957 912 1044 nostri,
936 955 1108 1027 Biblioth.
1120 954 1221 1024 latin.

217 1052 283 1124 IV.
309 1075 342 1141 7.
377 1079 410 1145 p.
439 1055 541 1144 796.‚
575 1055 636 1147 qui
671 1054 854 1127 Victorini
884 1056 1111 1148 grammatici
1144 1078 1223 1124 esse

217 1155 501 1243 ostendit‚illius
515 1156 652 1224 scilicet
663 1152 939 1244 Antiochensis,
968 1158 1069 1229 cuius
1087 1153 1231 1246 librumv

217 1254 263 1321 de
280 1256 407 1323 metris
429 1255 662 1324 Terentiauis
684 1256 724 1324 in
748 1255 961 1328 collectione
985 1281 1050 1328 sua
1076 1251 1225 1326 exhibet

213 1352 407 1424 Putschius
422 1380 456 1446 p.
472 1354 607 1444 2706.“
620 1391 673 1408 ·-·
698 1355 771 1432 sea
781 1360 976 1446 memoria,
1004 1356 1147 1448 opinor,
1162 1354 1221 1420 la·-

213 1474 301 1543 psus
326 1467 381 1523 est
395 1455 577 1545 Mansius,
604 1481 687 1526 curn
704 1455 892 1526 Fabricius
916 1459 955 1532 in
979 1457 1042 1530 illo
1062 1455 1143 1538 loco
1159 1453 1219 1522 fa-

213 1551 335 1622 bulam
358 1556 555 1648 Pasiphaes
578 1557 649 1650 ipsi
674 1555 811 1625 Rufino
833 1558 1046 1630 vindicaret.

105 1673 197 1742 155.
229 1673 368 1742 Tullius
391 1675 558 1745 Marcus.
593 1701 647 1770 ep.
681 1676 763 1764 945.
799 1673 841 1744 A.
876 1678 942 1744 ΙΙΙ.
972 1673 1055 1742 166.
1102 1669 1221 1742 Nemo

212 1778 434 1884 suspicetur,
461 1779 678 1846 Ciceronem
704 1797 783 1843 esse
806 1774 1092 1865 intelligendum.
1219 1781 1223 1787 “

102 1893 195 1963 156.
226 1895 423 1987 Vergilius.
449 1896 719 1966 Grammaticus
731 1904 838 1985 atque
850 1905 959 1984 poeta
975 1893 1071 1962 sexti
1084 1891 1144 1962 vel
1158 1913 1220 1960 se—

211 1997 318 2088 ptimi
344 1997 472 2083 seculi,
500 2018 609 2085 quem
626 1990 852 2062 Andhelmus
878 1993 923 2064 de
935 2017 977 2062 re
988 1992 1221 2085 grammatica

209 2118 291 2186 pag.
313 2093 384 2160 520
411 2095 533 2162 affert:
568 2091 751 2183 Vergilius
769 2093 881 2182 libro,
908 2117 1017 2188 quem
1029 2093 1219 2184 Paedago-

211 2216 279 2285 gns
304 2193 570 2283 praetitulavit,
588 2195 690 2261 cuius
715 2191 938 2284 principium
962 2203 1035 2262 est:

275 2291 446 2360 Carmina
469 2292 501 2359 si
524 2290 665 2360 fuerint
688 2303 725 2360 te
749 2293 869 2362 iudice
894 2294 1003 2387 digna
1026 2291 1163 2382 favore,

322 2391 498 2461 reddetur
522 2390 649 2459 titulus
674 2416 955 2486 purpureusque
978 2393 1095 2482 nitor;
1247 2468 1251 2476 ,

272 2489 306 2562 si
329 2491 469 2580 minus,
492 2493 646 2570 aestivas
664 2494 806 2583 poteris
820 2493 1040 2565 convolvere
1060 2491 1194 2579 sardas,

323 2602 386 2660 aut
399 2592 505 2684 piper
521 2602 583 2660 aut
600 2591 718 2662 calvas
735 2593 822 2661 hinc
835 2595 981 2685 operire
996 2616 1121 2662 nuces.

104 2714 198 2803 157.
224 2709 464 2782 Laurentius.
515 2712 624 2782 Falso
649 2713 710 2781 hic
735 2737 756 2780 a
778 2712 934 2782 Nodello
959 2713 998 2782 in
1025 2710 1217 2786 Observat.

209 2817 287 2884 crit.
311 2839 346 2906 p.
376 2815 408 2881 4.
436 2825 562 2896 auctor
582 2813 804 2906 epithalamii
827 2825 989 2886 vocatur.
1023 2813 1092 2905 Ep.
1118 2812 1216 2879 enim

213 2913 307 2982 1145
333 2937 408 2988 non
434 2939 454 2982 a
477 2911 678 2988 Laurentio
706 2915 958 3006 compositum,
984 2935 1113 2986 verum
1132 2910 1215 3006 epi-

209 3013 422 3084 thalamium
448 3023 503 3082 est
526 3013 718 3083 Laurentii
742 3023 779 3081 et
803 3011 952 3082 Mariae.

208 3209 289 3284 Hac
314 3212 354 3282 in
379 3210 625 3302 disputatione
648 3207 730 3300 plus
763 3219 910 3278 centum
940 3217 977 3277 et
994 3205 1214 3300 quadragin-

95 3331 139 3390 ta
165 3312 338 3383 recensui
361 3323 503 3404 poetas:
532 3333 687 3402 quorum
713 3310 881 3378 nonnulli
905 3307 1024 3377 adhuc
1048 3306 1214 3376 celeber-

7 3479 8 3508 ,
95 3415 192 3487 rimi
218 3424 321 3499 sunt,
354 3424 391 3481 at
413 3411 671 3502 plerorumque
695 3415 875 3481 vetustate
902 3408 1078 3476 memoria
1108 3405 1213 3493 abiit,

7 3543 8 3548 ¹
95 3516 156 3586 ita
180 3518 223 3582 ut
246 3514 285 3582 in
308 3513 352 3580 iis
377 3511 496 3600 libris,
529 3511 590 3602 qui
614 3511 654 3578 in
678 3509 834 3580 historia
857 3507 1062 3577 litterarum
1072 3505 1213 3576 Roma-

95 3637 239 3686 narum
276 3622 483 3700 versantur,
514 3633 562 3678 ne
586 3610 735 3680 nomina
770 3609 917 3703 quidem
948 3631 1077 3677 eorum
1100 3629 1214 3702 appa-

96 3725 224 3787 reant.
797 3739 800 3752 ¹

208 3831 399 3925 Superest,
424 3839 465 3898 ut
490 3827 535 3897 de
561 3827 780 3922 carminibus
800 3824 1041 3918 supposititiis
1066 3821 1125 3896 rel
1149 3845 1214 3890 re-

98 3930 331 4006 centioribus
350 3931 476 4000 dicam.
493 3925 546 3998 Ac
560 3929 790 3997 mirabuntur
802 3949 889 3996 sane
906 3925 1081 4010 lectores,
1094 3945 1213 4015 quan-

98 4047 178 4105 tus
194 4033 242 4104 sit
267 4055 395 4102 eorum
418 4049 602 4100 numerus.
652 4029 746 4100 Nam
768 4053 789 4096 a
809 4025 1008 4118 Scaligerc,
1040 4023 1214 4108 Pithoeo,

98 4135 320 4214 Brumanno
344 4131 426 4224 plus
446 4141 593 4201 centurn
617 4129 749 4222 viginti
763 4129 804 4203 in
828 4124 1085 4218 Anthologiam
1108 4146 1216 4200 rece-

100 4245 176 4334 pta
200 4246 305 4326 suut,
331 4255 422 4328 quae
447 4255 468 4306 a
488 4230 753 4304 recentioribus
777 4229 896 4326 poetis
917 4226 1117 4320 composita
1138 4241 1219 4291 esse
