2992 4826
672 235 717 306 95

270 412 475 490 Alter'enim
496 421 565 512 quia
585 434 617 489 te
637 421 762 492 dulcior
782 443 850 488 esee
868 433 980 512 potest,

135 537 163 598 5
228 525 291 593 Oui
311 526 421 594 Venue
441 539 515 608 ante
532 527 630 612 elios,
661 527 731 594 divi
752 526 928 616 divinoque
950 551 1078 596 sorores

272 633 409 718 muco,
429 656 532 722 neque
550 633 702 720 indigno,
722 631 827 718 Musa,
848 629 965 700 dedere
987 633 1092 718 bona3

226 739 358 821 Cuncta,
378 737 490 826 quibua
503 738 615 824 gaudet
626 736 784 821 Phoebm,
807 737 922 808 chorus
934 737 1065 829 ipseque
1073 738 1212 806 Phoebi:

269 842 407 910 Doctior
427 865 448 908 o
468 841 538 930 quia
557 852 607 926 te,
626 841 738 927 Mna,
759 839 856 910 fuisse
875 848 998 934 potest?

228 947 262 1014 0
283 948 353 1034 quia
370 960 403 1014 te
423 947 459 1015 in
478 946 572 1014 terris
591 945 731 1035 loquitur
750 945 920 1014 iumndior
941 954 1030 1018 uno?

142 1067 186 1128 10
249 1049 347 1118 'Clio
366 1063 434 1118 tam
454 1064 538 1118 carte
559 1051 692 1118 candida
714 1073 782 1120 non
801 1053 953 1141 loquitur.
1040 1055 1043 1070 '

229 1153 340 1244 Quare
359 1156 441 1224 iilud
459 1155 532 1226 satio
553 1169 617 1242 eat,
642 1156 670 1222 ei
686 1169 717 1222 te
736 1157 895 1246 permittis
914 1161 1029 1245 amari,

271 1263 352 1330 Non
372 1273 481 1352 contra
500 1274 536 1330 ut
553 1262 595 1334 ait
614 1283 708 1330 amor
728 1274 855 1332 mutuus
875 1264 952 1334 inde
970 1265 1066 1338 mihi.

500 1531 544 1600 P·
568 1528 726 1622 Virgilii
746 1529 903 1602 Maronia

515 1651 517 1658 “
609 1639 638 1692 in
653 1639 789 1692 Sabinum.

352 1736 487 1804 Sabinus
505 1733 579 1821 ille,
600 1759 697 1823 quem
716 1735 849 1820 videtis,
878 1734 1031 1824 hospitem

350 1838 412 1908 Ait
429 1839 527 1905 fuisse
546 1840 650 1906 mulio
675 1839 873 1922 celerrimus,

350 1947 467 2035 Neque
486 1946 582 2011 ullius
603 1943 740 2010 volantis
758 1941 917 2032 impetum
939 1939 998 2008 oiai

350 2050 509 2137 Nequisse
528 2047 716 2139 praeterire,
736 2046 807 2113 aive
829 2047 998 2116 Mantuam

351 2155 442 2245 Opus
463 2153 547 2220 foret
565 2154 678 2219 volare
696 2151 767 2220 sive
791 2152 950 2220 Brixiam.
1002 2191 1003 2196 κ

350 2261 394 2327 Et
413 2258 476 2325 hoo
494 2261 590 2346 negat
604 2259 795 2349 Tryphonis
816 2257 936 2326 aemuli
956 2257 1091 2325 domum

243 2361 245 2366 ’
308 2402 311 2407 -
349 2367 478 2454 Negare
496 2365 642 2432 nobilem
662 2364 844 2432 ineulumve
864 2363 1004 2448 Caeruli,

348 2473 419 2541 Ubi
439 2471 498 2539 iate
516 2483 589 2561 post
610 2471 746 2538 Sabinus
766 2483 838 2538 aute
859 2467 997 2556 Quintio

349 2579 488 2647 Bidente
509 2578 586 2644 dicit
606 2577 768 2645 adtotonse
788 2574 913 2666 forcipe

350 2685 485 2751 Comata
505 2685 597 2768 colle,
625 2707 667 2749 ne
688 2706 748 2772 qua
767 2681 936 2748 sordidum
956 2680 1031 2768 iugo

349 2789 524 2857 Premente
549 2789 627 2855 dura
647 2788 764 2853 vulnus
786 2786 893 2854 ederet
913 2785 997 2852 iuba.

279 2920 282 2926 ·
351 2895 515 2962 Cremona
534 2891 653 2981 frigida
673 2905 703 2959 et
725 2893 825 2958 lutosa
846 2893 965 2976 Gallia,

350 3000 431 3080 Tibi
450 3001 529 3066 haec
549 2997 645 3064 fuisse
666 3008 696 3061 et
716 3018 783 3060 esee
804 2995 1020 3082 cognitissima

299 3129 305 3151 ¹
350 3103 412 3170 Ait
433 3103 585 3166 Sabinus:
612 3103 726 3165 ultima
747 3123 789 3164 ex
809 3099 935 3184 origine

248 3219 250 3223 '
352 3207 425 3274 Tua
445 3206 567 3274 stetisse
584 3203 659 3270 dicit
683 3201 718 3267 in
738 3200 905 3290 uoragine,

351 3312 426 3380 Tua
445 3312 481 3378 in
501 3313 617 3402 palude
639 3309 797 3401 deposiase
817 3310 969 3392 sarcinaaj

319 3454 324 3461 ’
351 3421 395 3488 Et
414 3417 491 3486 inde
511 3429 557 3485 tot
576 3441 636 3508 per
657 3415 797 3485 orbitoaa
817 3417 922 3501 millia

350 3525 469 3614 Iugum
488 3521 604 3613 unisse,
629 3524 722 3590 loeva
742 3523 812 3590 sive
832 3524 968 3590 dextera

352 3633 493 3722 Strigare
512 3631 601 3698 mula
620 3630 691 3698 aive
711 3641 882 3720 utrumque
902 3642 1048 3721 coeperat

320 3856 323 3864 “
352 3847 468 3936 Neque
486 3847 550 3912 ulla
570 3857 646 3912 vota
666 3843 863 3913 semitalibua
886 3842 954 3910 deia

354 3952 425 4018 Sibi
444 3975 512 4019 ease
531 3950 612 4018 faeta
632 3966 756 4042 praeter
775 3953 839 4020 hoo
851 3946 1079 4034 novissimum,¹

353 4060 489 4125 Paterna
508 4059 578 4125 lora
598 4058 852 4147 proximumque
863 4053 1043 4144 'pectinem

354 4164 418 4231 Sed
439 4163 516 4228 haec
536 4162 624 4252 prius
644 4157 745 4230 fuere.
789 4163 888 4229 Nunc
907 4161 1045 4230 eburnea

354 4269 509 4359 Sedetqua
529 4268 613 4353 aede,
633 4289 731 4357 sequa
751 4270 873 4336 dedicat
896 4269 969 4354 tibi,

355 4373 504 4444 Gemelle
525 4375 639 4446 Castor
660 4387 692 4446 et
710 4377 846 4466 gemelle
866 4373 1017 4444 catoris.
