3002 4816
579 153 782 308 ...Q

640 406 723 480 553·

515 493 649 562 Laeti
669 494 833 562 Aviani

321 601 348 654 in
365 619 431 670 opus
448 601 569 654 martiani
586 599 711 670 Capellae
731 601 764 652 de
781 601 886 668 Nuptiis
902 600 1037 658 Mercurii.

213 729 278 816 Qui
300 730 410 796 dubias
432 743 511 796 artes
533 752 591 816 per
612 731 749 817 mystica
772 727 853 796 dicta
873 731 1005 816 subibis,

253 834 412 899 Mercurii
433 835 541 898 doctos
564 835 699 900 volvere
728 835 812 900 disce
836 848 934 903 toros.

209 939 271 1003 Ille
290 939 385 1002 brevi
406 938 499 1003 ductu
518 937 646 1004 scandet
672 938 811 1006 sublime
834 940 1026 1024 cathedram,

254 1042 322 1125 Qui
340 1042 465 1107 lichnos
487 1043 711 1126 discet,·docte
732 1046 877 1133 Capella,
904 1058 983 1109 tuos.

130 1157 151 1218 5
209 1146 375 1211 Caniciem
397 1148 532 1212 auctoris
554 1159 646 1232 auget
665 1147 865 1234 gravitasque
884 1149 1038 1235 magistri.

256 1249 322 1335 Qui
344 1249 441 1316 discet
461 1250 570 1334 libris,
591 1251 667 1316 hino
687 1252 748 1318 cito
768 1252 923 1341 proficiet.

642 1399 725 1471 554.

579 1505 782 1571 Caesaris

560 1609 594 1659 de
611 1611 686 1660 libris
702 1609 812 1662 Lucani.

214 1715 364 1798 Mantua,
392 1715 432 1778 da
453 1715 583 1779 veniam
603 1715 690 1782 fama
709 1729 826 1781 sacrata
846 1719 997 1804 perenni:

259 1820 306 1884 Sit
327 1818 390 1902 tas,
413 1819 616 1885 Thessaliam
635 1832 708 1908 post
728 1819 892 1884 Simoenta
910 1820 984 1915 legi.

439 2062 565 2140 Petri
594 1965 921 2160 Riiiiendarii.

215 2194 361 2281 Qualiter
382 2196 496 2262 intaeta
515 2198 668 2286 processit
689 2196 825 2286 Virgine
848 2211 963 2288 partus,

159 2348 163 2358 .
214 2301 321 2385 thue
341 2303 405 2388 pati
427 2303 529 2368 voluit
551 2304 672 2386 Natus,
704 2304 887 2392 perquirere
906 2305 984 2369 noli.

214 2405 305 2468 Haec
325 2407 407 2471 nulli
427 2420 559 2472 tractare
578 2409 667 2492 licet,
687 2410 743 2474 sed
763 2399 892 2477 credere
912 2421 1045 2476 tautum.

214 2613 336 2679 Felices
358 2615 447 2697 illos,
469 2615 523 2700 qui
544 2629 573 2680 te
593 2613 745 2702 genuere,
767 2628 921 2706 parentes,

215 2717 356 2784 Felicem
377 2721 496 2799 solem,
518 2719 622 2803 quite
644 2719 731 2782 videt
752 2723 900 2786 omnibus
921 2721 1020 2808 horis,

215 2819 356 2884 Felicem
376 2833 513 2902 terram,
535 2844 631 2906 quam
650 2835 684 2886 tu
707 2825 787 2911 pede
807 2826 938 2890 candida
959 2829 1067 2894 calcas.

215 2921 335 2987 Felices
358 2924 472 2990 fasciae
492 2926 649 3012 cingentes
678 2947 793 3013 corpus
814 2940 946 3010 amatae,

2 3072 25 3082 ,.
133 3038 154 3097 5
215 3025 397 3113 Felicesque
418 3042 521 3111 toros,
543 3029 612 3113 quis
632 3028 743 3091 Dulcis
763 3030 849 3094 nuda
867 3032 1039 3098 recumbis.

1 3251 7 3332 t

187 3203 190 3209 ,
218 3130 264 3218 Ut
284 3131 374 3197 'visco
396 3135 562 3221 capiuntur
584 3155 672 3212 aves,
693 3143 726 3195 ut
746 3131 864 3195 retibus
885 3131 965 3220 apri,

219 3235 273 3300 Sic
293 3225 352 3322 ego
373 3260 460 3302 nunc
480 3235 594 3302 Dulcis
616 3235 686 3299 diro
707 3258 779 3298 sum
801 3248 905 3325 captus
926 3261 1047 3304 amore.

148 3373 149 3386 ¹
220 3342 316 3418 Vidi,
337 3366 397 3408 nec
416 3343 517 3428 tetigi:
545 3340 657 3424 video,
685 3361 743 3404 nec
762 3353 889 3427 tangere
909 3366 1048 3433 possum.

219 3449 320 3513 Totus
344 3449 377 3513 in
399 3448 472 3535 igne
492 3445 555 3524 fui,
575 3469 641 3510 non
662 3467 734 3509 sum
757 3459 957 3529 consumme,
985 3461 1014 3513 et
1035 3450 1107 3513 arsi.

137 3564 185 3622 10,
221 3552 295 3616 Post
316 3554 406 3617 mille
429 3553 609 3640 amplexus,
636 3561 706 3637 post
726 3549 828 3613 dulcia
849 3551 935 3615 savia
957 3573 1073 3637 penem

221 3655 379 3721 Confiniis
399 3657 536 3720 laterum
557 3666 711 3718 retortum
731 3655 868 3741 suscipe,
894 3677 1001 3742 posco.

221 3760 355 3824 Viribus
376 3772 411 3825 ut
429 3759 569 3847 propriis
583 3758 726 3822 'mollem
748 3770 782 3821 tu
802 3758 931 3840 reddas,
953 3758 990 3822 ab
1012 3759 1087 3824 alvo

219 3866 318 3950 Inque
338 3863 450 3928 alvum
468 3875 609 3927 sumtura
629 3863 762 3943 iterum,
792 3885 887 3948 quem
915 3875 1057 3951 tempore
1075 3876 1171 3947 certo,

223 3968 320 4034 Aetas
342 3968 369 4032 si
389 3979 528 4054 superet,
555 3968 650 4032 tertio
672 3967 817 4053 supplere
838 3965 987 4030 conabor.

141 4074 180 4142 15
223 4073 293 4137 Neo
320 4073 398 4138 volo
419 4072 490 4159 plus
512 4071 633 4159 cupias:
668 4093 745 4133 nam
764 4091 818 4132 me
838 4069 866 4132 si
887 4069 988 4154 cogis,
1015 4069 1161 4157 iniquum
1180 4081 1234 4151 est,

224 4175 271 4240 Ut
292 4189 323 4241 tu
343 4176 502 4242 victorem
523 4197 648 4262 superes
668 4185 836 4258 noctesque
856 4170 976 4236 futurae

223 4279 382 4367 Incipiunt
405 4281 534 4344 demere
553 4299 786 4361 numerumque
805 4274 945 4361 spondeo
965 4287 1102 4395 terqum.

955 4372 997 4430 13
