3002 4816
722 193 926 292 Q

678 498 812 590 Cupido
832 523 963 567 amous.

356 613 437 698 Quia
459 637 512 678 me
534 613 645 680 loiron
665 615 749 702 agit?
786 639 871 681 nova
890 628 965 681 sunt
986 616 1120 704 suspiria
1141 619 1251 684 menti.

356 717 454 784 Anne
474 717 584 806 aliquis
606 722 683 787 deus
703 731 748 784 est
768 732 877 784 nostro
900 723 1120 788 vehementior
1141 727 1240 790 arcu?

352 815 461 906 Quem
486 825 567 901 mihi
587 847 777 912 germanum
798 822 861 890 lato
882 822 1045 890 fraudante
1067 828 1186 893 creavit

348 927 439 991 Diva
458 927 594 1015 parens?
620 930 705 1020 sautia
725 951 766 994 an
786 953 860 995 meo
882 929 1000 1018 spiculu
1022 928 1090 994 susa
1110 953 1167 1018 per
1188 931 1303 995 orbem

263 1040 284 1099 5
348 1028 528 1096 'vexavere
547 1034 675 1120 polum,
704 1034 864 1120 laesusque
885 1033 1085 1121 intempore
1106 1035 1242 1099 mundus

346 1135 480 1200 Inveni-t
499 1139 661 1223 poenam?
692 1137 753 1201 Sed
775 1138 802 1202 si
826 1160 898 1202 mea
919 1137 1053 1202 vulnera
1073 1137 1162 1220 novi,

349 1240 415 1304 Hic
440 1263 528 1304 meus
549 1251 595 1304 est
614 1238 711 1326 ignis,
732 1263 822 1306 meus
844 1252 903 1323 est,
924 1239 980 1325 qui
1001 1263 1133 1327 parcere
1155 1243 1264 1306 nescit.

347 1345 388 1410 In
409 1344 505 1410 furias
526 1345 675 1431 ignesque
695 1345 818 1427 trahor,
837 1343 910 1409 licet
932 1343 1010 1408 orbe
1033 1368 1180 1433 superno,

344 1449 482 1537 Iupiter,
505 1473 546 1514 ex
566 1451 633 1513 altis
654 1446 763 1529 undis,
783 1449 947 1536 Neptune,
970 1449 1095 1534 tegaris,

259 1562 300 1626 10
346 1555 468 1620 Abdita
488 1555 667 1618 Poenarum
688 1562 718 1616 et
745 1563 775 1615 te
793 1551 921 1638 cingant
944 1552 1095 1633 Tartara,
1122 1554 1248 1617 Pluton.

341 1661 526 1748 Inpositum
546 1679 732 1744 rumpemus
753 1681 847 1739 onus,
885 1657 1026 1722 volitabo
1047 1681 1104 1746 per
1126 1681 1221 1723 axem

343 1765 573 1850 Mundigerum
596 1760 736 1848 coelique
763 1762 868 1849 plagas
890 1764 1040 1850 pontique
1059 1763 1213 1850 procellas

345 1868 632 1954 Umbriferumque
653 1867 773 1950 Chaos,
801 1875 924 1954 pateant
944 1864 1146 1932 adamantina
1166 1889 1273 1953 regna,

342 1975 460 2039 Torva
479 1971 640 2037 venenatis
662 1971 751 2035 cedat
770 1971 902 2036 Bellona
922 1970 1065 2057 flagellis.

256 2087 297 2150 15
341 2079 485 2142 Poenam
513 2074 651 2138 mundus
672 2085 774 2154 emet,
801 2086 920 2161 stupeat
941 2074 992 2140 vis
1014 2075 1129 2141 maior.
1173 2075 1312 2142 Anhelat

338 2182 381 2246 In
401 2205 434 2246 se
454 2201 566 2245 saevus
587 2199 696 2259 amor,
723 2175 932 2262 fraudemque
952 2177 985 2244 in
1006 2181 1140 2244 vulnere
1161 2181 1291 2266 quaerit.

579 2460 622 2520 In
643 2448 832 2534 imaginem
852 2449 1029 2537 Daphnes.

336 2568 460 2634 Intonsi
480 2588 553 2630 sum
574 2586 649 2629 cura
669 2561 721 2626 dei
745 2562 861 2626 Peneia
882 2564 986 2652 virgo,

380 2676 553 2760 Perpetuae
572 2669 705 2756 pulchro
726 2665 850 2732 frondis
871 2666 995 2734 honore
1016 2671 1134 2736 virens.

334 2778 484 2864 Quisquis
498 2798 585 2840 amas
600 2771 782 2854 Phoebum,
804 2772 932 2838 laurum
954 2775 1038 2855 cole3
1060 2777 1209 2864 quicquid
1230 2794 1350 2847 amatae

375 2881 530 2964 Deditur,
551 2889 723 2965 acceptum·
734 2887 840 2962 gratus
860 2877 1104 2950 amator-habet.

626 3133 722 3200 Pani
742 3023 963 3220 ei9rgpollr'ni.

331 3254 416 3332 Pan,
438 3248 513 3333 tibi,
533 3247 678 3330 Phoebe,
698 3246 773 3330 tibi,
795 3247 937 3310 lenimen
959 3247 1049 3313 dulce
1069 3251 1226 3338 laborum,

372 3357 447 3424 Otia
470 3357 550 3419 dum
572 3353 725 3436 terimus,
746 3351 889 3416 carmina
910 3352 1001 3416 mille
1023 3355 1143 3420 damus.

751 3499 834 3578 591·

566 3607 675 3674 Sanco
696 3606 801 3672 Fidio
815 3605 1015 3694 Semopotri.

323 3727 375 3792 De
396 3726 529 3790 decuma
549 3723 653 3788 victor
679 3721 755 3788 tibei
776 3721 894 3787 Lucius
915 3721 1059 3786 Mumius
1081 3722 1214 3794 donum.

324 3828 472 3896 Moribus
497 3811 648 3915 antiqueis
669 3825 731 3890 hoo
751 3849 811 3913 pro
833 3849 928 3891 usura
950 3826 1025 3890 dere
1044 3851 1122 3910 sese,

321 3934 437 3999 Visum
460 3933 568 3996 animo
589 3955 657 3996 suo.
698 3923 836 3995 Perfecit
855 3944 906 3995 tua
924 3953 1015 4018 pace,
1035 3951 1151 4018 rogans
1172 3941 1212 4017 te,

316 4038 469 4122 Cogendo
491 4036 694 4101 dissolvendo
716 4045 748 4099 ut
775 4033 880 4100 felicia
900 4033 1027 4106 faxseis.

234 4157 255 4217 5
319 4141 469 4209 Perficias
490 4122 674 4221 decumam,
698 4152 731 4204 ut
752 4138 844 4204 faciat
865 4162 960 4204 verae
979 4138 1122 4206 rationis.

315 4250 442 4334 Proque
468 4245 531 4310 hoc
552 4255 642 4330 atque
662 4243 748 4308 alieis
769 4244 861 4308 donis
884 4245 937 4308 des
967 4241 1062 4328 digua
1084 4241 1232 4310 merenti.
