2876 4824
634 222 745 274 xum

232 407 302 500 Ep.
333 408 437 478 1558.
488 403 698 500 Euripides.
747 405 891 476 Recens
917 427 1016 496 esse,
1041 407 1157 499 quivis
1181 405 1242 479 ia-'

121 510 200 580 cile
229 512 371 587 sentiet.

234 609 303 700 Ep.
331 609 412 697 724.
462 605 660 676 Maiensius
690 618 797 700 atque
823 606 993 678 Osannus
1020 606 1240 700 epigramma

122 707 262 778 fictum
289 732 366 778 esse
392 709 626 778 contendunt.

235 827 303 915 Ep.
334 825 438 893 1544.
488 822 578 893 Iulii
609 826 649 892 ia
674 822 889 892 Petronium
920 821 1124 899 Arbitrum.
1174 825 1241 894 Iu-

45 955 48 1010 ,1
124 925 223 995 lium
248 925 456 994 Romanum
480 925 820 1015 sive'Pomponium
838 924 993 996 Laetum
1018 925 1086 992 hos
1111 946 1241 997 versus

49 1071 51 1100 i
127 1026 264 1096 fecisse
290 1025 553 1094 demonstravit
575 1023 810 1094 Niebuhrius.

235 1127 304 1215 Ep.
333 1125 415 1214 758.
463 1125 566 1192 Inter
592 1125 751 1192 carmina
774 1124 962 1194 Michaelis
984 1122 1131 1198 Marulli
1153 1123 1244 1217 legi-

48 1263 52 1325 .'
129 1239 212 1315 tur,
240 1248 309 1293 nec
335 1225 548 1316 antiquioris
574 1235 702 1316 poetae
729 1247 807 1294 esse
832 1227 1012 1294 existimo.
1063 1225 1108 1296 In
1133 1249 1242 1296 versu

45 1341 49 1398 J
133 1337 266 1420 quarto
292 1326 330 1391 in
356 1323 511 1393 Marullo
537 1325 665 1392 melius
691 1323 822 1416 legitur
849 1336 890 1392 at
915 1335 1058 1394 nwveot
1085 1335 1151 1394 etc.

235 1425 303 1516 Ep.
333 1445 415 1512 77⁰·
459 1423 689 1493 Burmannus
724 1437 832 1517 atque
864 1425 1090 1496 Schraderus
1115 1450 1243 1496 recens

45 1542 48 1590 1
133 1549 215 1596 esse
239 1525 456 1594 iudicarunt.

45 1614 50 1628 ‘
234 1625 303 1714 Ep.
330 1624 412 1712 789.
437 1625 580 1692 Recens
606 1647 685 1693 esse
712 1623 874 1694 amultis
901 1626 1181 1696 demonstratur.

234 1743 303 1832 Ep.
321 1741 403 1829 827.
419 1741 616 1808 Maiansius
633 1743 863 1831 suppositum
878 1764 957 1810 esse
974 1742 1243 1814 demonstravit.

235 1859 305 1950 Ep.
332 1857 414 1925 841.
450 1855 524 1927 Aut
549 1879 687 1927 novum
712 1866 774 1924 aut
799 1857 911 1924 medii
936 1856 1016 1928 aevi
1036 1879 1113 1924 esse
1138 1857 1243 1927 duco.

233 1975 304 2067 Ep.
331 1973 414 2040 848.
441 1973 486 2040 de
511 1971 679 2040 Boethio.
733 1969 876 2040 Recens
904 1995 982 2040 esse
1008 1971 1131 2041 docuit
1152 1969 1244 2040 Mil-

129 2079 306 2264 11111118ΕΡ·
325 2171 429 2238 1551.
454 2164 639 2261 Appuleia
665 2164 708 2236 Id
722 2171 766 2238 nb
782 2169 922 2240 editore
941 2172 1097 2264 q¹¹⁰d³m
1112 2169 1243 2265 Appu’

130 2277 195 2347 leii
222 2272 462 2364 compositum
490 2292 584 2356 esse,
612 2292 658 2336 ex
674 2271 795 2339 verbis
814 2269 1069 2362 Oudendorpii
1085 2284 1242 2364 apparet.

234 2388 302 2480 Ep.
328 2387 432 2480 1551.
482 2385 638 2455 Marulla
663 2385 793 2455 tribuit
817 2386 1062 2472 Burmannus.

234 2503 302 2596 Ep.
333 2504 437 2572 1555.
469 2499 646 2596 *Epicteti
670 2502 716 2569 de
745 2502 896 2570 Venere.
943 2501 1144 2595 Antiquam
1169 2526 1245 2573 non

133 2629 238 2696 ease,
263 2629 308 2672 ex
334 2627 376 2672 eo
401 2614 566 2694 apparet,
592 2601 689 2695 quod
714 2603 754 2670 in
777 2599 1028 2672 Altercatiane
1050 2601 1245 2672 Hadriani

128 2718 166 2777 et
192 2703 358 2798 Epicteti
381 2705 523 2795 legitur.

200 2831 202 2836 ·
234 2806 303 2896 Ep.
324 2805 426 2891 1559.
453 2799 697 2894 Epitaphium
711 2799 903 2873 Ciceronis.
932 2803 1149 2896 Suspectum
1166 2797 1246 2876 esse

127 2905 288 2979 affirmat
311 2904 552 2972 Burmannus.
1310 2953 1312 2960 ,

234 3006 302 3094 Ep.
339 3004 444 3070 1560.
493 3001 736 3092 Epitaphium
767 3002 899 3070 Ouidii.
960 3005 1106 3074 Fictum
1145 3008 1241 3094 asse',

39 3101 50 3134 ²
128 3105 461 3175 Schoenwianerus
486 3113 651 3169 accurate
673 3102 806 3169 docuit.

105 3274 108 3284 ,
209 3203 303 3296 'Ep
339 3200 444 3268 1561.
493 3196 555 3266 De
581 3196 716 3288 primic
749 3195 856 3264 Latii
888 3195 1045 3290 regibus.
1103 3199 1246 3270 Recens

75 3313 77 3320 ⁴
128 3327 216 3376 esse
239 3313 346 3395 putat
369 3301 612 3371 Burmannus.

235 3403 303 3495 Ep.
334 3401 437 3471 1561.
476 3398 676 3470 Maiensius
702 3411 830 3470 auctor
855 3409 929 3488 est,
954 3401 1143 3494 antiquum
1169 3423 1244 3469 non

129 3529 218 3578 enee
243 3505 472 3596 epigramma.

461 3729 634 3803 Liber
676 3728 920 3802 Tertius.

239 3891 307 3990 Ep.
335 3895 417 3966 881.
467 3894 530 3964 De
553 3906 673 3964 vetere
698 3894 827 3964 Roma.
878 3894 1022 3964 Recens
1057 3917 1137 3965 esse
1163 3896 1245 3988 epi·
1323 3885 1326 3895 ’

133 4020 320 4095 gramma,
347 4019 393 4066 ex
418 3995 585 4088 Keysleri
612 3997 746 4064 Itinere
769 4007 870 4087 patet
892 4019 928 4087 p.
955 3995 1039 4062 555.

236 4100 305 4192 Ep.
331 4097 414 4166 885.
464 4096 526 4165 De
558 4095 668 4165 villae
700 4095 894 4187 ruffinae·
906 4095 1036 4186 faute,
1071 4092 1168 4188 quod
1200 4117 1246 4164 ex

131 4196 326 4272 audendis
352 4198 398 4268 T.
419 4197 447 4270 Ι.
474 4221 510 4290 p.
527 4196 597 4286 740
623 4197 764 4288 recepi,
786 4219 915 4276 recens
942 4208 1014 4288 est,
1039 4206 1082 4268 ut
1107 4216 1152 4265 ex
1168 4191 1246 4286 ipsa

130 4299 374 4393 inscriptione
397 4301 506 4394 patet.
