2994 4828
626 191 996 303 Α..

404 487 461 554 De
487 487 653 570 Serrano,
679 487 837 576 Vegetot.
854 489 1046 582 Herogene.

256 602 429 668 Serranum
450 603 671 691 qutomque
685 604 798 670 ¹simut
817 605 1022 696 iunctumque
1043 607 1162 676 duobus
1198 605 1200 610 ’

294 707 516 794 Her-oganem,
539 731 629 774 earm
650 709 777 796 adspice
800 710 982 795 Geryones.
1009 758 1012 772 .

251 813 330 876 Esse
350 825 437 900 putas
458 811 589 878 fratres:
617 826 700 880 tenta
721 815 833 902 pietate
853 812 1014 882 fruuntur.

293 918 402 982 Immo
423 939 535 1003 neges:
561 919 608 984 sic
629 932 674 986 est
694 919 729 984 in
748 919 851 984 tribus
870 939 951 982 uuus
973 939 1075 988 amor.

165 1030 200 1092 51
250 1019 352 1106 Trige
374 1021 457 1085 mihi
479 1045 593 1108 paucos
615 1023 698 1089 inter
720 1024 834 1089 dilecta
853 1022 986 1104 sodales,

292 1125 394 1212 Trige
414 1125 551 1192 sodalitii
572 1151 644 1216 pars
666 1128 747 1194 bene
767 1150 883 1214 magna
906 1127 983 1193 mei.

670 1287 755 1362 att.

160 1385 206 1452 In
226 1393 511 1468 commentarium,
532 1393 579 1462 L
605 1395 766 1462 Cenaaitr’i
786 1396 1010 1482 gratnmatici
1029 1400 1068 1471 in
1090 1403 1271 1492 Smyrnam

548 1479 585 1544 C.
606 1480 728 1546 Helvii
749 1479 888 1545 Cinnae.

245 1589 313 1657 Uni
338 1593 490 1660 Crassitio
516 1616 550 1658 se
575 1593 704 1660 credere
726 1593 869 1680 Smyrna
889 1595 1047 1682 probarit.

286 1697 446 1778 Desinite,
467 1695 604 1776 indocti,
637 1695 786 1780 coniugio
808 1697 890 1762 hanc
909 1711 1025 1786 petere·
1061 1755 1062 1758 ,
1159 1717 1161 1722 “

245 1801 312 1865 Soli
335 1801 489 1866 Crassitio
510 1825 543 1866 se
565 1799 647 1865 dixit
668 1798 788 1864 nubere
808 1801 904 1880 velle,

285 1903 408 1968 Intima·
426 1901 477 1968 cui
496 1903 559 1969 soli
580 1916 655 1971 note
674 1927 730 1969 sua
753 1903 928 1978 extiterint.

669 2050 752 2124 845·

581 2139 625 2206 P·
651 2139 843 2207 Terentius.

217 2319 218 2326 χ
241 2251 341 2318 Natus
363 2254 397 2320 in
419 2254 552 2322 excelsis
573 2253 659 2319 tectis
680 2253 878 2340 Carthaginis
900 2253 982 2321 altae

281 2357 438 2425 Romanis
460 2359 592 2446 ducibus
613 2358 725 2425 bellica
746 2359 864 2448 praede
885 2357 942 2424 fui.

238 2462 403 2552 Descripsi
424 2487 531 2530 mores
552 2463 724 2530 hominum
744 2463 961 2552 iuvenumque
981 2487 1164 2552 senumque,

283 2568 427 2656 Qualiter
446 2583 477 2636 et
497 2569 582 2634 servi
605 2569 762 2658 decipiant
782 2571 942 2653 dominos,

156 2682 176 2744 5
239 2670 327 2754 Quid
349 2675 522 2756 meretrix,
542 2673 617 2760 quid
638 2675 712 2737 leno
733 2674 819 2753 doli,
846 2673 922 2760 quid
943 2671 1041 2762 finget
1060 2697 1186 2740 avarus.

279 2778 370 2841 Haec
390 2776 580 2867 quicumque
602 2777 693 2864 legit,
713 2776 774 2861 sic,
793 2789 881 2866 puto,
903 2789 1015 2844 cautus
1030 2778 1099 2844 erit.

567 2959 570 2964 ·
668 2933 752 3012 846.

486 3026 531 3092 In
551 3025 700 3092 Fabium
717 3027 937 3095 Dossennum.

239 3142 365 3231 Hospes
385 3139 511 3225 resiste,
539 3153 569 3206 et
589 3139 736 3230 sophiam
756 3141 923 3220 Dossenni,
936 3142 1020 3228 lege.

480 3415 538 3500 [ra
562 3307 755 3484 amisii}
778 3362 933 3501 Afrum]

604 3531 735 3598 Petroni
754 3531 888 3596 barbare
909 3524 1033 3590 famam
1101 3535 1103 3544 “
1214 3560 1217 3569 -

280 3635 377 3700 Cuius
397 3636 504 3702 Roma
522 3629 616 3702 libris¹
634 3633 749 3699 adserit

237 3737 387 3806 Amissos
408 3754 500 3808 ornat
521 3742 636 3824 titulis,
663 3761 705 3804 en
725 3737 850 3826 adspice
869 3736 990 3802 iunctos

280 3844 370 3930 Quos
389 3845 484 3910 habet
504 3847 697 3926 incolumes,
718 3838 802 3908 fovit
821 3865 931 3906 amore
950 3841 1031 3930 pari.

155 3967 175 4028 5
238 3951 410 4039 Supremas
430 3952 527 4016 error'
542 3957 588 4014 ne‘
602 3960 707 4038 posset
723 3969 877 4033 rumpere
897 3969 993 4030 ceras,

280 4057 362 4123 Arte
380 4079 436 4121 sua
457 4056 555 4138 cavit,
575 4052 683 4120 clausit
706 4063 817 4140 operta
837 4049 910 4116 fide.

2 4186 3 4240 t
235 4161 385 4250 Excipiet
404 4184 531 4243 manes,
558 4181 616 4224 sua
636 4156 691 4246 qui
712 4156 780 4222 sinc
800 4157 856 4224 lite
874 4156 1011 4244 reliquit,

12 4344 15 4353 ¹
280 4266 440 4335 Laudabit
459 4265 618 4349 studium,
646 4262 697 4330 cui
716 4273 769 4330 tue
790 4285 864 4328 cura
885 4273 984 4329 cavet.
