2992 4826
617 245 821 362 ,11-

166 453 190 521 5
252 446 306 516 Ae
324 453 408 512 tons
425 441 486 518 tibi
504 441 606 514 servit
624 441 745 524 honos,
775 439 945 530 formaque
964 442 1096 511 dearum

249 551 365 638 Fulges
382 560 416 617 et
434 543 599 618 Venerem
619 549 744 618 caelesti
763 570 899 638 corpore
918 548 1034 616 vincis.
1143 601 1146 608 ,

215 645 217 649 ’
249 644 400 742 Argento
419 649 581 722 11111111
600 677 732 739 manus,
752 653 920 742 digitisque
940 654 1066 722 tenellis

252 760 360 827 Serica
379 757 435 829 1111
454 757 599 846 trahens,
618 759 758 849 pretioso
775 759 914 824 stamine
932 758 1029 824 ludis.

246 866 359 932 Planta
379 864 495 932 decens
513 863 615 932 nescit
634 864 780 932 modicos
801 863 921 929 calcare
940 861 1077 951 lapillos,

167 976 208 1043 10
249 971 295 1038 Et
314 970 393 1036 dura
412 968 498 1034 laedi
516 969 618 1036 scelus
636 981 683 1036 est
702 967 834 1054 vestigia
853 978 947 1034 tana.
994 971 998 978 '

250 1074 324 1162 Ipsa
342 1083 416 1138 tuos
434 1093 511 1140 cum
530 1069 619 1140 ferre
638 1073 720 1140 velis
740 1096 799 1163 per
818 1072 887 1139 lilia
908 1093 1045 1160 gressus,

249 1177 367 1244 Nullos
388 1174 553 1244 interimes
572 1178 691 1248 leviori
711 1179 852 1269 pondere
876 1175 983 1243 flores.

253 1281 389 1347 Gulmra
409 1303 495 1347 nunc
514 1281 594 1348 aliae
610 1283 779 1372 magnisve
798 1283 972 1350 monilibus
993 1294 1119 1367 ornent,

252 1384 321 1453 Aut
340 1405 485 1472 gemmas
504 1399 610 1478 aptent
629 1388 742 1478 capiti,
768 1401 803 1455 11
822 1390 891 1455 sola
910 1391 1036 1480 placere

167 1501 211 1567 15
252 1489 470 1580 Velspoliatu
489 1505 592 1582 potes.
632 1493 726 1560 Nulli
747 1493 904 1559 laudabile
923 1507 1025 1560 totum
1046 1505 1111 1558 ests

250 1597 290 1664 In
310 1607 344 1661 te
365 1607 474 1661 cuncta
493 1597 647 1685 probent,
672 1596 701 1662 si
723 1597 890 1684 quisquam
910 1621 1040 1664 cernere
1059 1594 1167 1685 possit.

251 1701 404 1766 Sirenum
425 1711 531 1768 cannis
552 1714 584 1768 et
604 1701 708 1770 dulcia
728 1704 848 1793 plectra
866 1703 1001 1766 Thaliae

250 1804 308 1873 Ad
329 1827 446 1871 vocem
466 1806 597 1872 tacuisse
616 1831 707 1891 rear,
737 1829 799 1893 qua
819 1805 917 1870 mella
937 1827 1091 1895 propagas

252 1911 385 1994 Dulcia,
416 1921 447 1975 et
466 1909 503 1976 in
522 1911 659 1978 miseros
678 1911 779 1976 telum
799 1908 945 1976 incideris
967 1909 1097 1974 amoris.

167 2029 212 2092 20
255 2020 442 2103 [Langueo,
465 2014 596 2099 delicio,
616 2037 797 2100 marcesco,
820 2014 954 2104 punior,
974 2037 1063 2100 uror,

252 2120 392 2203 Aestu0,
412 2118 555 2208 suspir0¹,
573 2110 688 2210 pereo,
710 2121 861 2210 depellor,
885 2119 1027 2205 anhelo]

253 2227 321 2291 Cor
339 2247 439 2311 grave
458 2225 575 2290 vulnus
595 2226 671 2312 alit,
692 2227 784 2293 nullo
804 2225 945 2318 sanabile
965 2223 1065 2312 ferro,

253 2330 317 2397 Sed
336 2341 388 2394 tua
407 2330 496 2396 labra
517 2353 592 2396 meo
610 2352 744 2397 saevum
765 2328 806 2395 de
826 2330 923 2396 corde
945 2331 1112 2400 dolorem·
1161 2367 1164 2376 ·

252 2435 424 2525 Depellaut
444 2437 660 2526 morbumque
681 2436 808 2503 animae
827 2435 1051 2502 medicaminis
1073 2435 1165 2529 buius

169 2553 213 2623 25
255 2545 341 2610 Cura
360 2539 464 2630 fuget,
487 2567 530 2610 ne
548 2555 634 2610 tanta
653 2554 761 2631 putres
782 2541 935 2608 violentia
953 2565 1072 2608 nervos

254 2648 413 2730 Dissecet,
434 2661 526 2736 atque
546 2662 619 2714 tuae
638 2644 763 2710 moriar
782 2667 844 2732 pro
865 2647 1003 2714 crimine
1024 2668 1142 2714 causae.

254 2752 332 2836 Sed,
353 2749 381 2814 si
400 2751 464 2816 hoc
482 2753 603 2840 grande
623 2762 728 2842 putas,
749 2752 864 2818 saltem
884 2754 1022 2818 concede
1043 2754 1194 2846 precanti,

253 2859 302 2926 Ut
320 2857 387 2924 iam
408 2855 595 2924 defunctum
615 2857 720 2924 niveis
741 2856 865 2922 ambire
883 2857 1008 2924 lacertis

254 2961 424 3052 Digneris,
444 2961 611 3049 vitamque
631 2963 716 3028 mihi
736 2975 809 3051 post
828 2960 893 3028 fata
911 2961 1053 3028 reducas.

397 3233 558 3304 Petronii
584 3231 809 3322 Antigenidis
830 3229 1056 3302 Fiscianensis

633 3337 669 3392 de
691 3337 821 3392 Thetide.

257 3445 354 3509 Canta
376 3436 508 3527 quidem
529 3437 693 3525 genetrix,
713 3447 911 3505 noceantne
930 3437 1066 3505 vulnera
1085 3447 1170 3520 11111,

297 3544 479 3612 Confirmat
501 3545 615 3632 Stygio
636 3543 725 3610 fonte
745 3543 964 3634 puerperium.

265 3651 328 3714 Sed
349 3651 421 3738 quia
441 3649 488 3716 fas
509 3649 588 3714 nulli
613 3662 659 3715 est
678 3649 854 3716 humanam
875 3647 1006 3715 vincere
1026 3659 1154 3732 sonem,

297 3756 338 3818 ln
356 3753 515 3824 membris
527 3755 627 3852 *lincli
647 3755 723 3822 dant
741 3756 803 3822 sibi
824 3753 887 3821 fatu
907 3755 1025 3820 locum.

524 3915 932 4110 Petronii1ii5ntigenidis

438 4164 442 4172 -
625 4129 654 4180 iu
669 4128 830 4199 Telephum.

261 4228 440 4320 Telephus,
459 4226 620 4293 excellens
641 4223 767 4294 Alcidis
789 4225 903 4316 pignus
924 4236 955 4293 et
976 4221 1097 4308 Augus,

303 4335 464 4400 Externos
484 4333 578 4402 sortis
598 4329 683 4398 bella
706 4328 839 4420 inopina
858 4331 939 4399 tulit.
