3000 4820
760 239 835 314 140

251 441 273 505 5
335 431 408 498 Nec
428 453 548 520 pumm
567 430 754 519 obsequium
781 431 865 498 notis
885 427 1057 500 famulabar
1077 433 1199 518 amicis,

377 537 500 604 Indicet
518 550 554 604 ut
573 537 693 626 potius,
715 561 794 626 quae
813 535 917 622 videt,
937 538 993 604 ille
1013 540 1137 615 volens.

332 646 412 712 Non
432 667 489 709 sua
508 642 654 725 sopitur,
675 644 705 708 ta
725 644 780 730 qui
800 641 876 709 facit
895 644 1020 732 auspice
1040 658 1135 728 vota,

375 750 438 817 Sed
459 762 525 833 tua,
546 748 599 814 cui
614 747 754 814 multum
773 747 931 834 conferet,
957 761 994 813 ut
1011 761 1124 819 taceas.

754 897 839 977 349.

314 984 372 1051 De
381 981 511 1070 sunere
528 982 685 1051 mulieris
698 983 895 1072 formosae,
923 1007 1011 1072 puae
1031 985 1188 1076 litigiosa
1200 986 1287 1078 suit.

265 1123 271 1141 ι
333 1089 523 1177 Gorgoneos
544 1091 649 1156 vultos
676 1088 786 1155 habuit
807 1087 934 1156 Catucia
955 1089 1084 1165 coniux.

375 1197 464 1260 Haec
488 1196 567 1260 dum
588 1194 720 1285 pulchra
741 1192 838 1276 foret,
865 1193 968 1279 iurgia
988 1217 1082 1283 saepe
1101 1196 1207 1280 dabat,

332 1299 463 1364 Fecerat
483 1312 572 1386 atque
592 1321 686 1364 suum
704 1321 834 1387 semper
858 1299 997 1365 rixando
1018 1301 1192 1388 maritum,
1308 1293 1312 1302 ⁸

374 1405 468 1473 Esset
488 1417 523 1472 ut
543 1405 655 1472 insano
676 1405 796 1470 stultius
821 1425 879 1470 ore
898 1416 1015 1470 tacens.

249 1523 270 1584 5
333 1511 376 1576 Et
396 1510 515 1596 quoties
533 1510 629 1590 illam
649 1511 775 1600 trepido
797 1509 945 1578 cernebat
962 1533 1089 1594 amore,

376 1615 551 1694 Haerebat,
572 1627 734 1704 tamquam
757 1639 834 1682 vera
854 1615 989 1680 Medusa
1009 1615 1104 1685 foret.

329 1719 486 1788 Defuncto
507 1732 553 1788 est
573 1724 718 1806 tandem,
751 1720 828 1786 haec
847 1720 949 1806 iurgia
976 1719 1062 1788 ferre
1081 1747 1140 1812 per
1160 1723 1300 1810 enheas,

372 1829 518 1918 Cumque
537 1826 607 1917 ipsa
631 1824 723 1894 litem
743 1825 879 1912 reddere
899 1826 1113 1919 Persephone.

755 1994 840 2066 350·

289 2081 346 2147 De
365 2080 512 2162 duobus,
534 2077 595 2167 qui
615 2102 650 2146 se
670 2081 903 2228 ⁰⁰ijdibd⁸v
925 2083 1047 2174 assibus
1068 2083 1177 2152 vincti
1197 2095 1307 2160 eraut,

692 2187 759 2228 ceos
787 2179 897 2232 eruat.

331 2268 548 2359 Compedibus
569 2269 646 2334 nexi
670 2267 800 2354 quidam
824 2268 886 2334 duo
908 2247 992 2336 forte
1011 2271 1160 2338 sedebant
1280 2291 1285 2302 ·

371 2371 527 2438 Criminis
549 2372 590 2438 ob
611 2395 737 2438 causam
757 2376 890 2440 carceris
913 2388 984 2440 ante
1004 2375 1103 2441 fores.
1153 2395 1155 2398 ·

329 2477 378 2544 Hi
397 2501 507 2541 secum
525 2477 645 2543 subitae
664 2491 840 2544 moverunt
862 2479 966 2565 iurgia
987 2480 1096 2562 rixae3

371 2581 539 2648 Ebria-tatis
560 2606 638 2672 opus
659 2583 754 2670 gessit
772 2583 880 2670 iniqua
901 2581 1016 2650 fames.'

247 2700 267 2762 5
329 2689 401 2755 Neo
422 2689 551 2754 caedem
570 2688 685 2779 pugnis
710 2701 760 2754 aut
781 2689 916 2753 calcibus
938 2689 1001 2776 egit
1021 2689 1165 2778 uterques

313 2774 317 2786 '
370 2793 488 2860 Vincla
511 2794 576 2860 illis
598 2795 713 2880 telum,
743 2795 850 2859 vincla
870 2791 959 2860 suere
980 2817 1103 2860 manus.

328 2903 438 2982 Nemo
459 2913 561 2966 truces
582 2899 714 2989 posthac
734 2900 825 2965 debet
848 2900 989 2989 pavitare
1010 2913 1141 2985 catenas,

371 3006 407 3074 Si
426 3029 502 3071 reus
526 3004 675 3094 epcenis
699 3005 815 3092 ingerit
839 3028 929 3072 arma
947 3005 1023 3077 suis.

754 3173 839 3242 351·

306 3261 362 3328 De
382 3260 551 3328 causidico
572 3258 685 3348 turpi,
710 3261 771 3346 qai
792 3260 974 3410 spectabam
994 3285 1092 3328 suam
1114 3261 1287 3328 Caeritem

720 3368 802 3410 voca
825 3357 871 3410 at.
1162 3376 1166 3382 ·

328 3449 420 3514 Esset
440 3447 590 3516 causidici
609 3449 638 3532 si
655 3470 713 3537 par
734 3447 881 3514 facundia
901 3473 1026 3532 nervo,

371 3553 511 3643 Inpleret
532 3555 637 3622 cuncti
657 3554 781 3620 viscera
801 3553 936 3638 negotii.

330 3657 376 3724 At
395 3641 670 3747 tamen'invigilat
691 3657 805 3739 causis,
828 3679 907 3742 quae
929 3660 1067 3725 crimina
1086 3661 1238 3749 pandunt,

347 3761 461 3830 'Dum
481 3764 619 3832 Veneris
638 3761 798 3828 famulum
826 3761 897 3830 iure
920 3767 1051 3858 Priapus
1073 3767 1146 3856 agit.

750 3927 834 4004 352·

343 4039 387 4106 Ia
407 4038 607 4110 ministrum
631 4042 742 4130 regia,
770 4041 831 4128 qui
850 4040 982 4108 alienas
995 4039 1191 4130 facultates
1215 4042 1253 4105 vi

683 4125 912 4212 extorquebat.
1327 4135 1329 4140 '

327 4234 419 4304 Bella
438 4231 490 4298 die
510 4242 667 4316 noctuque
686 4231 750 4296 suis
771 4229 845 4297 facit
866 4231 1035 4320 Eutychus
1057 4227 1173 4311 armis,
1255 4285 1258 4290 ,

371 4338 511 4408 Divitias
529 4332 652 4400 cunctis
672 4358 690 4398 e
711 4334 860 4401 domibus
883 4335 1022 4426 rapiens.
