2992 4826
108 467 150 534 45
377 463 492 531 Nescis
512 464 575 532 heu
595 463 719 553 pendite
739 463 889 552 necdum,

378 567 469 658 Quae
488 583 520 636 te
539 568 705 640 dementis.
725 569 808 660 cepit

375 675 478 763 Caput
498 675 658 744 obiectare
678 673 819 765 periclis.

285 821 286 826 1
372 781 463 848 Haec
482 805 545 848 nos
561 802 713 872 simrema
736 778 920 865 manebant,

374 886 451 952 Hoc
471 885 565 974 ignes
581 909 715 974 seseque
734 883 900 974 parabam

374 990 533 1058 Nostram
551 1013 638 1062 nunc
658 990 769 1080 accipe
791 1003 946 1076 montem,

374 1095 670 1188 Vaginaqueerips
689 1095 816 1164 semum

372 1201 536 1292 Femoque
556 1215 668 1272 averte
684 1202 845 1274 dolorm·

512 1372 629 1440 Creon.
664 1371 802 1441 Medea.

168 1513 204 1580 C.
227 1514 376 1602 Femina,
401 1541 482 1606 quae
498 1520 614 1586 nomio
636 1543 747 1590 emens,
765 1517 801 1584 in
822 1517 939 1586 finibus
960 1518 1069 1600 hostis,

227 1621 335 1690 Flecte
355 1622 446 1690 viam
465 1626 560 1692 velis
580 1625 695 1712 Neque
716 1624 806 1692 euim
826 1622 986 1692 nescimus
1007 1634 1038 1690 et
1054 1621 1168 1689 misem

103 1733 147 1799 55
229 1727 271 1792 Et
294 1751 390 1814 genus
412 1729 557 1798 invisum
578 1742 611 1800 et
628 1751 696 1798 nott
716 1729 851 1798 innoxie
872 1728 984 1794 verba.

227 1831 363 1899 Hostilia
383 1831 489 1900 facies»
501 1845 644 1902 semesas
666 1843 696 1901 et
711 1832 822 1902 omina
842 1831 960 1898 turbet..

21 2003 23 2007 ,
152 1937 205 2004 Μ.
225 1937 344 2003 Nullae
363 1937 418 2028 his
437 1937 587 2020 insidiae,
607 1958 667 2005 nec.
687 1948 771 2004 tanta
790 1936 939 2026 superbia
960 1936 1064 2003 victis.

156 2095 159 2100 .
226 2043 307 2110 Non
328 2065 364 2106 ea
384 2041 435 2108 vis
457 2042 586 2109 animo:
611 2063 670 2110 nes
690 2041 736 2108 sic
757 2041 797 2106 ad
816 2040 937 2129 praelia
956 2041 1045 2109 veni.

165 2149 202 2217 C.
228 2149 323 2230 Non,
345 2159 380 2213 ut
400 2171 491 2232 rere,
515 2167 602 2216 meas
624 2145 733 2232 effugit
753 2143 881 2212 nuntius
903 2167 1004 2229 aures,

101 2263 143 2328 60
227 2253 325 2320 Unde
347 2275 445 2340 genus
468 2253 555 2319 ducis
575 2251 710 2321 varium.
725 2263 755 2321 et
774 2248 926 2319 mutabile
945 2273 1085 2342 semper.

226 2357 281 2423 Tu
300 2368 389 2447 potes
409 2357 576 2426 unanimes
597 2381 723 2430 armare
743 2356 778 2426 iu
800 2353 921 2446 praelio
939 2354 1064 2440 fratres,

225 2462 445 2552 Funereasque
466 2461 590 2532 inferre
610 2461 695 2534 faces
716 2473 748 2526 et
768 2461 896 2547 cingere
915 2461 1058 2545 flamma,
1123 2500 1131 2522 t

224 2567 342 2634 Pacem
363 2589 456 2636 orare
474 2591 583 2638 mauu.
594 2581 626 2636 ut
644 2579 776 2636 vertera
792 2565 898 2637 sidera
918 2580 1015 2651 retro,

222 2673 330 2762 Atque
344 2672 428 2738 odiis
449 2695 581 2742 versane
601 2673 725 2742 domos.
767 2671 846 2736 Tibi
867 2671 1001 2746 nomina
1020 2673 1123 2756 mille,

11 2762 12 2794 ³
98 2791 143 2855 65
225 2781 320 2847 Mille
340 2775 477 2842 nocendi
499 2789 597 2859 artes,
624 2787 748 2856 sessor„
772 2771 968 2863 fecundaque
988 2779 1100 2865 poenis

223 2884 376 2964 Viscera3
401 2893 578 2969 notumque
595 2878 709 2964 fissus,
725 2879 802 2966 quid
821 2879 943 2950 femina
962 2882 1074 2969 possit.

235 2989 321 3054 Cedo
338 2985 433 3067 locis,
455 2986 628 3072 pelagoque
648 2985 761 3051 volans
782 2985 822 3049 da
843 2986 913 3050 vela
932 2986 1063 3073 patenti.

150 3096 202 3162 Μ.
222 3091 314 3173 Rex,
336 3109 433 3174 genus
456 3087 637 3172 egregium,
665 3082 758 3152 liceat
784 3103 815 3154 te
835 3111 917 3154 voce
938 3087 1077 3166 moneri,

225 3195 328 3260 Pauca
347 3191 406 3256 tibi
427 3213 445 3255 e
464 3191 589 3272 multis,
615 3189 768 3277 quoniam
789 3203 835 3258 est
851 3191 954 3264 oblate
974 3187 1115 3274 facultas,

95 3315 139 3378 70
224 3301 343 3366 Dicam
362 3297 510 3386 equidem
531 3293 618 3384 (licet
628 3319 718 3366 arma
732 3296 815 3366 mihi
827 3310 1029 3384 mortemque
1043 3295 1202 3383 mineris),
1245 3310 1257 3332 ·’

223 3407 276 3474 Ne
296 3418 367 3494 pete
388 3403 554 3471 conusbiis
575 3414 696 3474 uatum.
737 3402 927 3492 Meminisse
945 3401 1076 3486 iuvabit,

215 3512 342 3580 Dissice
362 3509 573 3598 compositam
593 3531 725 3597 pacem,
747 3509 901 3580 miserere
921 3521 1064 3578 tuorum.

165 3619 201 3685 0.
223 3617 276 3682 Ne
293 3627 394 3680 tantos
415 3613 497 3686 mihi
518 3611 604 3700 finge
623 3627 742 3696 metus,
763 3637 847 3686 neve
867 3614 979 3685 omine
1000 3625 1083 3679 tanto

11 3731 13 3816 y
221 3723 431 3805 Prosequere,
461 3740 565 3784 causas
586 3718 802 3806 nequidquam
819 3721 918 3794 nectis
938 3721 1058 3788 inanes.

11 3825 13 3886 i
94 3839 139 3904 75
224 3828 292 3892 Stat
311 3845 366 3888 sua
389 3822 499 3910 cuique
521 3823 603 3890 dies:
625 3848 693 3895 non
713 3824 776 3912 ipsi
792 3824 986 3902 ¹exscindere
1005 3823 1092 3890 ferro

220 3929 399 3998 coelicolae
418 3929 559 4012 valeant,
581 3927 638 3999 fati
654 3929 744 4016 ,quod
765 3931 835 4017 lege
854 3942 987 4013 tenetur,
1031 3973 1034 3978 -

222 4036 295 4103 Nee
314 4056 387 4099 mea
407 4033 472 4098 iam
493 4045 611 4100 mutata
622 4035 704 4128 ,lopo
723 4035 992 4108 senteutiacedit.

148 4143 199 4209 Μ.
220 4147 296 4208 Non
316 4139 463 4227 equidem
484 4139 616 4220 insideo
631 4163 754 4225 ggeueso
777 4141 944 4232 dignisque
958 4134 1158 4226 hymenaeis,

222 4247 301 4312 Non
320 4247 387 4312 iam
408 4244 591 4332 coniugium
612 4245 786 4332 antiquum,
808 4247 891 4334 quod
913 4239 1066 4338 prodidit,
1087 4260 1156 4301 oro.

11 4445 13 4500 y
93 4363 140 4428 80
224 4349 368 4440 Tempus
390 4350 485 4418 inane
502 4364 593 4445 peto:
617 4350 712 4438 liceat
728 4352 902 4439 subducere
924 4345 1073 4417 classem!
1204 4399 1207 4410 Α
1233 4383 1239 4392 -

390 4498 395 4509 .
946 4449 995 4517 6*
