2992 4826
676 207 726 281 87

271 453 274 460 .
313 401 402 490 Quid
420 409 543 466 tantum
563 417 682 465 oceano
701 407 876 488 properent
894 419 929 466 se
948 397 1071 486 tingere
1095 403 1199 472 soles?

311 506 430 576 Nescio
454 504 538 593 quod
561 514 684 568 sertum
706 513 767 583 est,
795 502 830 566 in
850 501 972 570 nubem
993 505 1114 592 cogitur
1136 532 1199 576 ser.

149 626 211 692 190
312 611 433 702 Aspice
454 632 601 676 convexo
624 607 954 698 nutantempondere
974 609 1143 698 muudum,

311 720 354 786 Et
374 715 480 782 fratris
502 714 599 780 radiis
624 712 765 780 obnoxia
789 737 919 800 surgere
939 715 1025 783 luna.

260 824 290 889 1.
314 821 453 909 [Media]
476 820 553 886 Fert
572 819 675 884 tristes
686 841 794 884 succos
805 818 967 907 nigrisque
986 819 1102 888 infecta
1113 829 1256 913 venenis,

312 928 387 1014 Quo
400 922 713 1011 thalamumeripiat,
736 934 827 1010 atque
845 923 966 992 ossibus
988 927 1119 1016 inplicet
1135 931 1256 1018 ignem.
1324 987 1327 992 Α

310 1033 391 1098 Fare
419 1053 492 1118 age,
522 1027 600 1116 quid
623 1029 750 1108 venias3
784 1027 850 1092 ism
881 1028 991 1115 istin03
1026 1045 1056 1098 et
1076 1037 1256 1127 comprime

108 1177 113 1183 -
540 1177 545 1186 «
767 1157 926 1222 gressum.

150 1257 212 1322 195
238 1245 289 1310 M.
311 1238 367 1307 Ad
387 1253 418 1306 te
439 1237 589 1326 confugio
609 1237 818 1327 precibusque
838 1239 1001 1324 inflectere
1020 1249 1147 1314 nostris.

314 1347 346 1416 Ο
369 1344 468 1410 dulcis
490 1342 623 1425 coniux,
647 1367 715 1410 non
736 1343 815 1408 haee
834 1345 905 1411 sine
923 1349 1058 1416 numine
1079 1354 1192 1419 divum

266 1511 268 1515 .
313 1451 486 1520 Eveniunt.
530 1447 616 1514 Sita
637 1459 787 1538 ceperunt
806 1449 908 1515 taedia
928 1453 1039 1537 laudis,

313 1559 384 1624 Hos
406 1579 483 1644 cape
503 1553 643 1620 fatorum
664 1554 810 1636 comites,
831 1553 880 1618 his
902 1559 1031 1632 moenia
1051 1583 1175 1645 quaere.

235 1666 283 1732 L·
311 1663 391 1730 Non
410 1659 495 1748 fugis
515 1660 593 1724 hino
613 1681 775 1748 praeceps,
797 1657 875 1724 dum
894 1662 1103 1749 praecipitere
1123 1679 1256 1754 potestas

33 1863 38 1868 Ι
150 1780 213 1846 200
275 1768 382 1835 nehm
402 1765 556 1854 propiore
575 1764 658 1830 deo?
686 1763 801 1828 Nescis
821 1760 884 1826 heu
905 1765 1041 1849 perdita!
1062 1767 1173 1852 nescis,

312 1871 404 1950 Neo,
421 1893 503 1956 quae
523 1882 554 1936 te
575 1870 778 1936 circumstent
800 1864 915 1932 deinde
935 1869 1092 1956 pericula,
1121 1874 1234 1940 camis.

216 1976 290 2052 „db
310 1976 406 2062 Haste
426 1997 551 2062 quoque
573 1970 749 2041 deserimus
768 1970 893 2056 sedern!
921 1973 1000 2037 Tibi
1021 1975 1144 2040 ducitur
1163 2000 1256 2044 tuor.

218 2133 221 2142 .
271 2123 285 2146 ,ι
315 2078 377 2146 Cui
399 2089 487 2166 pater
515 2090 546 2144 et
566 2075 685 2144 coniux
713 2075 876 2162 quondam
895 2089 946 2141 tua
967 2077 1048 2142 diota
1069 2079 1256 2168 relinquor?

293 2242 296 2252 .
313 2183 358 2248 Et
376 2183 464 2248 sedet
482 2182 545 2248 hoc
565 2183 693 2263 animo,
723 2182 835 2248 dotalis
858 2179 945 2268 regia
966 2182 1056 2247 eordi
1077 2195 1122 2250 est

152 2299 215 2366 205
313 2287 510 2376 Extermque
529 2287 649 2355 iterum
667 2286 810 2353 tlialami.
1001 2349 1004 2354 Α

244 2427 248 2464 r
280 2430 282 2443 ·
315 2393 415 2460 Mene
432 2391 538 2480 fugis?
562 2394 626 2462 hoc
640 2416 720 2460 sum
740 2405 885 2482 ternaque
899 2379 1049 2482 marique
1069 2396 1204 2461 recurat·

280 2541 285 2571 ι
315 2499 385 2568 Hic.
399 2499 491 2566 labor
511 2513 690 2582 extremus,
707 2498 888 2585 [longarum¹
907 2499 985 2577 baec
1005 2511 1090 2564 meta
1107 2498 1257 2568 viarum?

200 2641 203 2648 ⁴
253 2661 255 2666 .
317 2604 383 2672 Hic
402 2606 508 2674 nostri
526 2606 645 2684 reditus
667 2603 880 2692 expectatique
899 2604 1079 2693 triumphi?

291 2770 295 2780 .
316 2708 405 2794 Quid
426 2722 480 2778 tua
497 2723 601 2778 sancta
621 2707 723 2774 fides?
765 2709 889 2776 Iterum
909 2710 1049 2776 crudelia
1069 2722 1155 2776 retro
1245 2721 1250 2727 '

313 2815 389 2884 Fata
409 2826 542 2897 vocant3
562 2814 654 2902 tantis
674 2815 892 2902 nequidquam
911 2829 1017 2906 erepta
1036 2816 1175 2914 periclis.

187 2962 190 2971 ·
205 2985 208 2992 ,
222 2959 235 2977 .‚
317 2915 529 3004 Menelugis'l
550 2919 613 2987 Per
626 2941 686 3006 ego
696 2920 754 2986 bas
764 2920 924 3002 lacrimas,
943 2944 1002 3007 per
1013 2922 1041 2984 si
1055 2919 1123 3004 quis
1135 2930 1266 2998 amalae,

318 3021 437 3104 Tangit
456 3021 559 3084 bonos
571 3023 743 3105 animum,
770 3045 830 3108 per
850 3023 991 3108 inceptos
1009 3023 1217 3106 hymenaeos,

276 3179 280 3201 ι
306 3123 381 3200 tter
402 3123 559 3214 connubia
578 3135 688 3190 nostra
708 3134 740 3190 et
760 3145 896 3204 mensas,
918 3147 993 3208 quas
1015 3123 1136 3187 advena
1156 3125 1261 3212 adisti,

318 3227 372 3292 Te
390 3249 520 3316 precor,
545 3250 565 3291 o
581 3226 734 3292 miserere
752 3225 854 3291 animi
874 3249 941 3292 non
962 3226 1058 3312 digne
1078 3224 1218 3290 ferentis.

189 3416 192 3425 Ι
256 3401 258 3411 ,
275 3403 279 3414 ‚
318 3334 469 3420 Namque
481 3330 567 3401 aliud
577 3299 651 3418 quid
664 3329 714 3413 sit,
731 3329 891 3418 quodiam
905 3331 1068 3420 inplorare
1087 3336 1259 3417 queamus?

280 3505 283 3516 ,
304 3440 392 3526 ‚lpse
412 3437 497 3502 mihi
515 3460 618 3526 nuper
639 3434 774 3522 Libycis
794 3447 828 3500 tu
848 3436 932 3502 testis
950 3436 987 3504 in
1007 3435 1111 3518 undis,

246 3591 270 3604 ,.
320 3545 411 3609 Dum
431 3562 526 3608 rauca
546 3541 677 3606 adsiduo
698 3541 794 3628 longe
813 3541 878 3606 sale
898 3565 974 3609 saxa
993 3539 1155 3625 sonabant,

320 3648 497 3720 Incubuere,
517 3647 601 3712 mari
624 3648 715 3712 tantis
734 3645 932 3732 surgentibus
953 3644 1056 3710 undis.

321 3755 488 3818 Luctantes
510 3765 622 3818 ventos
643 3763 900 3841 tempestatesque
919 3773 1049 3816 sonores

239 3892 243 3906 =
270 3841 272 3848 ’
319 3858 506 3943 Compressi
527 3869 557 3921 et
575 3858 701 3924 rabiem
720 3870 840 3924 tantam
860 3856 1000 3942 coelique
1020 3856 1190 3947 marisque.

322 3963 427 4029 Unius
448 3961 484 4026 in
504 3963 616 4028 miseri
637 3963 772 4028 exitium
792 3975 915 4051 proque
936 3960 1083 4026 omnibus
1103 3983 1221 4042 unum,

287 4145 289 4152 Α
323 4066 439 4136 Obieci
460 4079 564 4156 caput,
585 4067 618 4131 id
640 4092 770 4157 sperans
791 4066 862 4132 fore
882 4087 997 4130 munus
1018 4065 1146 4130 amanti.

326 4171 390 4237 Sed
411 4170 486 4260 quid
509 4191 567 4256 ego
589 4171 735 4256 ambages
756 4185 786 4238 et
806 4172 888 4238 iussa
905 4195 1018 4237 exorsa
1038 4171 1198 4236 revolvo?

324 4276 383 4362 Nil
404 4299 500 4364 super
520 4275 660 4365 imperio
680 4299 832 4364 moveor,
852 4276 1050 4366 speravimus
1071 4272 1137 4354 ista,
