2992 4826
391 441 435 508 Et
454 449 543 506 moto
562 437 649 508 levis
665 435 743 515 hino
759 431 888 500 atinde
907 449 1005 503 vento

390 548 460 614 lbat
479 541 625 618 fluoulrua
645 539 785 626 inquieta
797 541 944 610 summis.

333 667 340 684 '
391 652 476 718 Mox
494 650 587 722 illam
608 645 747 734 geminis
769 645 843 713 deus
865 647 980 714 catenis

390 757 463 822 Hao'
482 757 543 820 alta
564 751 679 840 Gyaro
699 745 832 840 ligavit,
860 749 934 818 illac
1017 765 1019 769 ·

392 859 557 930 Constanti
576 857 725 954 Mycono
746 856 832 924 dedit
852 861 1032 928 tenendam.

670 1000 755 1080 Ι176.

635 1114 797 1184 Petronii

457 1221 492 1274 da
509 1227 591 1291 puteo
608 1230 731 1279 11011110
751 1222 779 1276 in
791 1221 887 1276 montio
903 1223 976 1292 iugo.

246 1317 346 1384 Hune
367 1319 523 1408 quianon
542 1320 648 1388 eredat
667 1321 745 1411 ipsis
767 1322 843 1391 dare
864 1325 1013 1412 Syrtibus
1034 1344 1154 1411 amnes,

289 1423 357 1512 Qui
378 1426 466 1495 dedit
487 1429 609 1517 ignotas
629 1429 754 1496 viscere
774 1427 894 1496 montis
914 1433 1032 1518 aquas?

550 1703 710 1774 Petronii
732 1701 882 1792 Afranii

633 1809 667 1862 ad
683 1810 798 1860 Deliam.

247 1901 367 1968 Nescio
389 1926 452 1990 quo
471 1906 653 1973 stimulante
673 1906 762 1973 malo
783 1902 835 1994 pia
855 1900 985 1968 foedera
1002 1904 1085 1993 rupi.

289 2007 369 2074 Non
381 1992 519 2097 ¹capiunt
539 2011 627 2076 vires
649 2011 786 2076 erimina
807 2020 891 2075 tanta
912 2029 1013 2074 meae.
1122 2071 1124 2075 .

242 2113 377 2198 Institit,
400 2126 430 2181 et
450 2114 587 2181 stimulis
610 2116 791 2184 ardentibus
812 2113 928 2204 inpulit
948 2127 1063 2200 actum,

288 2217 366 2284 Sive
385 2217 445 2285 firit
465 2217 583 2306 fatum,
615 2245 671 2288 seu
691 2221 752 2286 tuit
771 2221 827 2287 ille
849 2221 934 2286 derra.

244 2318 422 2404 Arguimur
444 2323 521 2411 quid
542 2348 626 2393 vana
648 2327 748 2394 deos?
793 2325 880 2412 Vis,
899 2325 1009 2411 Delia,
1044 2331 1183 2395 verum?

288 2423 355 2512 Qui
375 2426 433 2494 tibi
453 2450 509 2496 me
530 2430 790 2521 dederautdem
810 2445 840 2500 et
860 2431 980 2499 ademit
999 2431 1121 2499 Amor.

665 2602 751 2676 178·

545 2709 710 2777 Petronii
730 2707 878 2778 Arbitri.

244 2815 334 2880 Nam
355 2818 445 2886 citius
462 2822 614 2892 *flammas
636 2827 788 2892 mortales
810 2849 867 2892 ore
881 2824 1041 2907 terebinti,

244 2921 353 3007 Quam
374 2940 493 2994 secreta
513 2942 629 3018 tegant.
675 2932 841 3016 Quidquid
863 2929 995 2995 dimittis
1015 2927 1051 2992 iu
1071 2928 1152 3009 aula,

189 3119 191 3126 Ι
242 3027 353 3091 Effluit
373 3042 404 3093 et
423 3032 534 3097 subitis
555 3035 741 3099 rumoribus
763 3032 881 3120 oppida
900 3033 1011 3119 pulsat.

241 3129 314 3194 Nec
334 3132 408 3212 satis
429 3145 491 3218 est,
513 3125 659 3222 vulgasie
680 3135 797 3198 fidem:
822 3133 997 3198 simulatius
1019 3132 1085 3198 exit

240 3235 436 3302 Proditionis
459 3261 538 3328 opus
557 3236 742 3326 famamque
765 3261 898 3305 onerare
920 3238 1051 3304 laborat.

243 3342 299 3407 Sic
319 3341 492 3410 commissa
513 3367 630 3412 verens
653 3343 765 3410 avidus
783 3367 925 3409 reserare
945 3343 1092 3408 minister

242 3447 338 3513 Fodit
357 3447 496 3514 humum
518 3450 665 3538 regisque
684 3450 818 3515 latentes
839 3448 983 3537 prodidit
1005 3471 1103 3513 aures.

241 3552 475 3641 Excepitnam
496 3567 582 3621 terra
601 3578 698 3642 sonos
720 3553 897 3646 calarnitute
919 3556 1080 3640 loquentes

241 3657 409 3724 Incinuere
428 3657 576 3743 Midam,
599 3663 726 3750 qualem
745 3631 932 3732 narraveiat
952 3659 1060 3724 iudex.

545 3933 707 4002 Petronii
728 3935 878 4003 Arbitri.

362 4032 431 4121 Qui
451 4035 566 4102 vultur
586 4038 675 4104 iecur
695 4023 847 4108 ultimum
868 4051 1019 4128 pererrat,

363 4140 406 4204 Et
426 4154 533 4229 pectus
555 4134 654 4208 trahil
670 4143 859 4232 intimasque
881 4145 987 4228 fibras,

330 4279 333 4288 =
367 4245 447 4310 Non
468 4259 528 4330 eut,
555 4269 651 4333 quem
674 4249 769 4334 Tityi
789 4262 904 4314 vocant
924 4261 1043 4337 poetae,

363 4351 431 4420 Sed*
448 4351 554 4419 cordia
575 4354 677 4438 mala,
697 4353 805 4421 Lilor
826 4368 917 4442 atque
931 4357 1059 4420 Luctus.

621 4521 630 4554 l
