<?xml version="1.0" encoding="UTF-8"?>
<!DOCTYPE html PUBLIC "-//W3C//DTD XHTML 1.0 Transitional//EN"
    "http://www.w3.org/TR/xhtml1/DTD/xhtml1-transitional.dtd">
<html xmlns="http://www.w3.org/1999/xhtml" xml:lang="en" lang="en">
 <head>
  <title>
</title>
<meta http-equiv="Content-Type" content="text/html;charset=utf-8" />
  <meta name='ocr-system' content='tesseract 3.04.00' />
  <meta name='ocr-capabilities' content='ocr_page ocr_carea ocr_par ocr_line ocrx_word'/>
</head>
<body>
  <div class='ocr_page' id='page_1' title='image "./anthologiaveter00burmgoog_0069.png"; bbox 0 0 2876 4824; ppageno 0'>
   <div class='ocr_carea' id='block_1_1' title="bbox 761 241 787 311">
    <p class='ocr_par' dir='ltr' id='par_1_1' title="bbox 761 241 787 311">
     <span class='ocr_line' id='line_1_1' title="bbox 761 241 787 311; baseline 0 0"><span class='ocrx_word' id='word_1_1' title='bbox 761 241 787 311; x_wconf 87' lang='grc'><strong>4</strong></span> 
     </span>
    </p>
   </div>
   <div class='ocr_carea' id='block_1_2' title="bbox 666 329 869 342">
    <p class='ocr_par' dir='ltr' id='par_1_2' title="bbox 666 329 869 342">
     <span class='ocr_line' id='line_1_2' title="bbox 666 329 869 342; baseline -0.01 0"><span class='ocrx_word' id='word_1_2' title='bbox 666 329 869 342; x_wconf 51' lang='lat' dir='ltr'><strong>——am</strong></span> 
     </span>
    </p>
   </div>
   <div class='ocr_carea' id='block_1_3' title="bbox 220 415 1113 821">
    <p class='ocr_par' dir='ltr' id='par_1_3' title="bbox 283 415 1001 518">
     <span class='ocr_line' id='line_1_3' title="bbox 283 415 1001 518; baseline -0.026 -20"><span class='ocrx_word' id='word_1_3' title='bbox 283 429 400 518; x_wconf 86' lang='lat' dir='ltr'><strong>Quoiei</strong></span> <span class='ocrx_word' id='word_1_4' title='bbox 421 426 485 491; x_wconf 87' lang='lat' dir='ltr'><strong>vita</strong></span> <span class='ocrx_word' id='word_1_5' title='bbox 507 420 630 487; x_wconf 76' lang='lat' dir='ltr'><strong>defecit.</strong></span> <span class='ocrx_word' id='word_1_6' title='bbox 654 441 722 481; x_wconf 92' lang='lat' dir='ltr'><strong>non</strong></span> <span class='ocrx_word' id='word_1_7' title='bbox 742 417 855 480; x_wconf 71' lang='lat' dir='ltr'><strong>honos</strong></span> <span class='ocrx_word' id='word_1_8' title='bbox 877 415 1001 480; x_wconf 83' lang='lat' dir='ltr'><strong>honore</strong></span> 
     </span>
    </p>

    <p class='ocr_par' dir='ltr' id='par_1_4' title="bbox 220 522 1113 715">
     <span class='ocr_line' id='line_1_4' title="bbox 282 522 1113 616; baseline -0.014 -16"><span class='ocrx_word' id='word_1_9' title='bbox 282 539 313 601; x_wconf 84' lang='lat' dir='ltr'><strong>Is</strong></span> <span class='ocrx_word' id='word_1_10' title='bbox 333 533 385 598; x_wconf 90' lang='lat' dir='ltr'><strong>hic</strong></span> <span class='ocrx_word' id='word_1_11' title='bbox 403 529 489 606; x_wconf 82' lang='lat' dir='ltr'><strong>situs,</strong></span> <span class='ocrx_word' id='word_1_12' title='bbox 510 525 583 612; x_wconf 91' lang='lat' dir='ltr'><strong>quei</strong></span> <span class='ocrx_word' id='word_1_13' title='bbox 602 545 766 609; x_wconf 88' lang='lat' dir='ltr'><strong>nunquam</strong></span> <span class='ocrx_word' id='word_1_14' title='bbox 788 523 890 586; x_wconf 88' lang='lat' dir='ltr'><strong>victus</strong></span> <span class='ocrx_word' id='word_1_15' title='bbox 909 533 954 585; x_wconf 85' lang='lat' dir='ltr'><strong>est</strong></span> <span class='ocrx_word' id='word_1_16' title='bbox 969 522 1113 616; x_wconf 28' lang='lat' dir='ltr'><strong>,virtuteb</strong></span> 
     </span>
     <span class='ocr_line' id='line_1_5' title="bbox 220 624 903 715; baseline -0.023 -11"><span class='ocrx_word' id='word_1_17' title='bbox 220 655 241 714; x_wconf 86' lang='lat'><strong><em>5</em></strong></span> <span class='ocrx_word' id='word_1_18' title='bbox 283 639 396 702; x_wconf 87' lang='lat' dir='ltr'><strong>Annos</strong></span> <span class='ocrx_word' id='word_1_19' title='bbox 417 641 527 715; x_wconf 87' lang='lat' dir='ltr'><strong>gnatus</strong></span> <span class='ocrx_word' id='word_1_20' title='bbox 548 651 596 691; x_wconf 79' lang='lat' dir='ltr'><strong>xx</strong></span> <span class='ocrx_word' id='word_1_21' title='bbox 623 624 648 688; x_wconf 90' lang='lat' dir='ltr'><strong>is</strong></span> <span class='ocrx_word' id='word_1_22' title='bbox 670 625 718 688; x_wconf 90' lang='lat' dir='ltr'><strong>l..</strong></span> <span class='ocrx_word' id='word_1_23' title='bbox 739 625 903 689; x_wconf 88' lang='lat' dir='ltr'><strong>mandatus</strong></span> 
     </span>
    </p>

    <p class='ocr_par' dir='ltr' id='par_1_5' title="bbox 283 729 1046 821">
     <span class='ocr_line' id='line_1_6' title="bbox 283 729 1046 821; baseline -0.01 -20"><span class='ocrx_word' id='word_1_24' title='bbox 283 740 335 805; x_wconf 91' lang='lat' dir='ltr'><strong>Ne</strong></span> <span class='ocrx_word' id='word_1_25' title='bbox 353 731 499 821; x_wconf 86' lang='lat' dir='ltr'><strong>quairatis</strong></span> <span class='ocrx_word' id='word_1_26' title='bbox 522 730 656 795; x_wconf 84' lang='lat' dir='ltr'><strong>honore.</strong></span> <span class='ocrx_word' id='word_1_27' title='bbox 680 729 753 815; x_wconf 90' lang='lat' dir='ltr'><strong>quei</strong></span> <span class='ocrx_word' id='word_1_28' title='bbox 775 730 882 795; x_wconf 88' lang='lat' dir='ltr'><strong>minus</strong></span> <span class='ocrx_word' id='word_1_29' title='bbox 903 731 944 795; x_wconf 84' lang='lat' dir='ltr'><strong>sit</strong></span> <span class='ocrx_word' id='word_1_30' title='bbox 963 753 1046 794; x_wconf 87' lang='lat' dir='ltr'><strong>m...</strong></span> 
     </span>
    </p>
   </div>
   <div class='ocr_carea' id='block_1_4' title="bbox 748 927 782 1000">
    <p class='ocr_par' dir='ltr' id='par_1_6' title="bbox 748 927 782 1000">
     <span class='ocr_line' id='line_1_7' title="bbox 748 927 782 1000; baseline -0.353 1"><span class='ocrx_word' id='word_1_31' title='bbox 748 927 782 1000; x_wconf 85' lang='lat'><strong>5.</strong></span> 
     </span>
    </p>
   </div>
   <div class='ocr_carea' id='block_1_5' title="bbox 284 1049 1073 1350">
    <p class='ocr_par' dir='ltr' id='par_1_7' title="bbox 284 1049 1073 1350">
     <span class='ocr_line' id='line_1_8' title="bbox 541 1049 1073 1118; baseline -0.008 -2"><span class='ocrx_word' id='word_1_32' title='bbox 541 1051 585 1116; x_wconf 83' lang='lat' dir='ltr'><strong>In</strong></span> <span class='ocrx_word' id='word_1_33' title='bbox 606 1049 760 1117; x_wconf 74' lang='lat' dir='ltr'><strong>Atilium</strong></span> <span class='ocrx_word' id='word_1_34' title='bbox 785 1050 995 1118; x_wconf 69' lang='lat' dir='ltr'><strong>(blesinsem.</strong></span> <span class='ocrx_word' id='word_1_35' title='bbox 1071 1103 1073 1112; x_wconf 24' lang='lat' dir='ltr'><strong>t</strong></span> 
     </span>
     <span class='ocr_line' id='line_1_9' title="bbox 284 1152 1004 1240; baseline -0.007 -17"><span class='ocrx_word' id='word_1_36' title='bbox 284 1159 380 1224; x_wconf 91' lang='lat' dir='ltr'><strong>Hono</strong></span> <span class='ocrx_word' id='word_1_37' title='bbox 401 1155 476 1219; x_wconf 92' lang='lat' dir='ltr'><strong>oino</strong></span> <span class='ocrx_word' id='word_1_38' title='bbox 498 1152 660 1240; x_wconf 87' lang='lat' dir='ltr'><strong>ploirume</strong></span> <span class='ocrx_word' id='word_1_39' title='bbox 680 1153 857 1218; x_wconf 88' lang='lat' dir='ltr'><strong>cosentiont</strong></span> <span class='ocrx_word' id='word_1_40' title='bbox 876 1155 1004 1238; x_wconf 87' lang='lat' dir='ltr'><strong>genteis,</strong></span> 
     </span>
     <span class='ocr_line' id='line_1_10' title="bbox 323 1255 912 1350; baseline -0.002 -24"><span class='ocrx_word' id='word_1_41' title='bbox 323 1260 456 1350; x_wconf 90' lang='lat' dir='ltr'><strong>Populei</strong></span> <span class='ocrx_word' id='word_1_42' title='bbox 474 1256 669 1348; x_wconf 85' lang='lat' dir='ltr'><strong>primariom</strong></span> <span class='ocrx_word' id='word_1_43' title='bbox 690 1255 772 1321; x_wconf 85' lang='lat' dir='ltr'><strong>fuise</strong></span> <span class='ocrx_word' id='word_1_44' title='bbox 791 1258 912 1326; x_wconf 84' lang='lat' dir='ltr'><strong>virom.</strong></span> 
     </span>
    </p>
   </div>
   <div class='ocr_carea' id='block_1_6' title="bbox 750 1435 783 1512">
    <p class='ocr_par' dir='ltr' id='par_1_8' title="bbox 750 1435 783 1512">
     <span class='ocr_line' id='line_1_11' title="bbox 750 1435 783 1512; baseline -0.364 1"><span class='ocrx_word' id='word_1_45' title='bbox 750 1435 783 1512; x_wconf 83' lang='lat'><strong>6.</strong></span> 
     </span>
    </p>
   </div>
   <div class='ocr_carea' id='block_1_7' title="bbox 221 1565 1260 2488">
    <p class='ocr_par' dir='ltr' id='par_1_9' title="bbox 282 1565 1176 1970">
     <span class='ocr_line' id='line_1_12' title="bbox 282 1565 1176 1657; baseline -0.01 -19"><span class='ocrx_word' id='word_1_46' title='bbox 282 1573 446 1653; x_wconf 81' lang='lat' dir='ltr'><strong>Romane,</strong></span> <span class='ocrx_word' id='word_1_47' title='bbox 473 1593 587 1657; x_wconf 88' lang='lat' dir='ltr'><strong>aquam</strong></span> <span class='ocrx_word' id='word_1_48' title='bbox 609 1567 775 1632; x_wconf 81' lang='lat' dir='ltr'><strong>Albanam</strong></span> <span class='ocrx_word' id='word_1_49' title='bbox 796 1592 875 1646; x_wconf 75' lang='lat' dir='ltr'><strong>care</strong></span> <span class='ocrx_word' id='word_1_50' title='bbox 895 1569 984 1632; x_wconf 82' lang='lat' dir='ltr'><strong>lacue</strong></span> <span class='ocrx_word' id='word_1_51' title='bbox 1005 1565 1176 1647; x_wconf 69' lang='lat' dir='ltr'><strong>contineri,</strong></span> 
     </span>
     <span class='ocr_line' id='line_1_13' title="bbox 282 1673 1097 1763; baseline -0.009 -19"><span class='ocrx_word' id='word_1_52' title='bbox 282 1681 370 1744; x_wconf 86' lang='lat' dir='ltr'><strong>Cave</strong></span> <span class='ocrx_word' id='word_1_53' title='bbox 391 1677 427 1742; x_wconf 89' lang='lat' dir='ltr'><strong>in</strong></span> <span class='ocrx_word' id='word_1_54' title='bbox 447 1698 537 1762; x_wconf 80' lang='lat' dir='ltr'><strong>mare</strong></span> <span class='ocrx_word' id='word_1_55' title='bbox 558 1698 706 1740; x_wconf 82' lang='lat' dir='ltr'><strong>emanare</strong></span> <span class='ocrx_word' id='word_1_56' title='bbox 727 1688 838 1763; x_wconf 88' lang='lat' dir='ltr'><strong>suopte</strong></span> <span class='ocrx_word' id='word_1_57' title='bbox 858 1673 992 1738; x_wconf 89' lang='lat' dir='ltr'><strong>flumine</strong></span> <span class='ocrx_word' id='word_1_58' title='bbox 1012 1673 1097 1738; x_wconf 85' lang='lat' dir='ltr'><strong>siris.</strong></span> 
     </span>
     <span class='ocr_line' id='line_1_14' title="bbox 282 1777 1097 1868; baseline -0.009 -21"><span class='ocrx_word' id='word_1_59' title='bbox 282 1784 443 1848; x_wconf 85' lang='lat' dir='ltr'><strong>Emissam</strong></span> <span class='ocrx_word' id='word_1_60' title='bbox 465 1804 536 1845; x_wconf 86' lang='lat' dir='ltr'><strong>eam</strong></span> <span class='ocrx_word' id='word_1_61' title='bbox 557 1805 615 1868; x_wconf 90' lang='lat' dir='ltr'><strong>per</strong></span> <span class='ocrx_word' id='word_1_62' title='bbox 636 1803 727 1866; x_wconf 83' lang='lat' dir='ltr'><strong>agros</strong></span> <span class='ocrx_word' id='word_1_63' title='bbox 751 1779 886 1866; x_wconf 85' lang='lat' dir='ltr'><strong>rigabis,</strong></span> <span class='ocrx_word' id='word_1_64' title='bbox 915 1777 1097 1864; x_wconf 83' lang='lat' dir='ltr'><strong>dissipatam</strong></span> 
     </span>
     <span class='ocr_line' id='line_1_15' title="bbox 283 1883 1139 1970; baseline -0.007 -18"><span class='ocrx_word' id='word_1_65' title='bbox 283 1888 376 1952; x_wconf 84' lang='lat' dir='ltr'><strong>Rivis</strong></span> <span class='ocrx_word' id='word_1_66' title='bbox 401 1884 580 1970; x_wconf 83' lang='lat' dir='ltr'><strong>extingiies:</strong></span> <span class='ocrx_word' id='word_1_67' title='bbox 603 1900 672 1951; x_wconf 86' lang='lat' dir='ltr'><strong>tum</strong></span> <span class='ocrx_word' id='word_1_68' title='bbox 692 1899 726 1950; x_wconf 85' lang='lat' dir='ltr'><strong>tu</strong></span> <span class='ocrx_word' id='word_1_69' title='bbox 745 1886 854 1951; x_wconf 76' lang='lat' dir='ltr'><strong>insiste</strong></span> <span class='ocrx_word' id='word_1_70' title='bbox 875 1884 980 1956; x_wconf 82' lang='lat' dir='ltr'><strong>audax</strong></span> <span class='ocrx_word' id='word_1_71' title='bbox 1001 1883 1139 1956; x_wconf 81' lang='lat' dir='ltr'><strong>hostium</strong></span> 
     </span>
    </p>

    <p class='ocr_par' dir='ltr' id='par_1_10' title="bbox 221 1989 1163 2181">
     <span class='ocr_line' id='line_1_16' title="bbox 221 1989 1130 2076; baseline -0.003 -20"><span class='ocrx_word' id='word_1_72' title='bbox 221 2005 241 2066; x_wconf 85' lang='lat'>5</span> <span class='ocrx_word' id='word_1_73' title='bbox 286 1991 390 2056; x_wconf 87' lang='lat' dir='ltr'><strong>Muris</strong></span> <span class='ocrx_word' id='word_1_74' title='bbox 410 2011 556 2068; x_wconf 87' lang='lat' dir='ltr'><strong>memor,</strong></span> <span class='ocrx_word' id='word_1_75' title='bbox 585 2012 684 2073; x_wconf 87' lang='lat' dir='ltr'><strong>qnam</strong></span> <span class='ocrx_word' id='word_1_76' title='bbox 705 2015 764 2076; x_wconf 85' lang='lat' dir='ltr'><strong>per</strong></span> <span class='ocrx_word' id='word_1_77' title='bbox 784 2003 830 2056; x_wconf 84' lang='lat' dir='ltr'><strong>tot</strong></span> <span class='ocrx_word' id='word_1_78' title='bbox 850 2012 949 2056; x_wconf 85' lang='lat' dir='ltr'><strong>annos</strong></span> <span class='ocrx_word' id='word_1_79' title='bbox 971 1989 1130 2070; x_wconf 80' lang='lat' dir='ltr'><strong>obsedisti,</strong></span> 
     </span>
     <span class='ocr_line' id='line_1_17' title="bbox 285 2091 1163 2181; baseline 0 -22"><span class='ocrx_word' id='word_1_80' title='bbox 285 2095 376 2159; x_wconf 87' lang='lat' dir='ltr'><strong>Urbe</strong></span> <span class='ocrx_word' id='word_1_81' title='bbox 395 2115 437 2155; x_wconf 86' lang='lat' dir='ltr'><strong>ex</strong></span> <span class='ocrx_word' id='word_1_82' title='bbox 457 2114 493 2154; x_wconf 90' lang='lat' dir='ltr'><strong>ea</strong></span> <span class='ocrx_word' id='word_1_83' title='bbox 514 2091 572 2154; x_wconf 86' lang='lat' dir='ltr'><strong>tibi</strong></span> <span class='ocrx_word' id='word_1_84' title='bbox 592 2091 660 2170; x_wconf 88' lang='lat' dir='ltr'><strong>his,</strong></span> <span class='ocrx_word' id='word_1_85' title='bbox 682 2115 761 2175; x_wconf 87' lang='lat' dir='ltr'><strong>quae</strong></span> <span class='ocrx_word' id='word_1_86' title='bbox 784 2118 871 2156; x_wconf 90' lang='lat' dir='ltr'><strong>nunc</strong></span> <span class='ocrx_word' id='word_1_87' title='bbox 890 2097 1072 2181; x_wconf 88' lang='lat' dir='ltr'><strong>panduntur</strong></span> <span class='ocrx_word' id='word_1_88' title='bbox 1092 2093 1163 2159; x_wconf 88' lang='lat' dir='ltr'><strong>fatis</strong></span> 
     </span>
    </p>

    <p class='ocr_par' dir='ltr' id='par_1_11' title="bbox 228 2195 1260 2488">
     <span class='ocr_line' id='line_1_18' title="bbox 228 2195 1179 2285; baseline -0.003 -19"><span class='ocrx_word' id='word_1_89' title='bbox 228 2259 230 2266; x_wconf 24' lang='lat' dir='ltr'><strong>t</strong></span> <span class='ocrx_word' id='word_1_90' title='bbox 284 2195 464 2263; x_wconf 85' lang='lat' dir='ltr'><strong>Victoriam</strong></span> <span class='ocrx_word' id='word_1_91' title='bbox 485 2195 601 2260; x_wconf 89' lang='lat' dir='ltr'><strong>datam.</strong></span> <span class='ocrx_word' id='word_1_92' title='bbox 642 2195 734 2258; x_wconf 88' lang='lat' dir='ltr'><strong>Bello</strong></span> <span class='ocrx_word' id='word_1_93' title='bbox 755 2195 867 2258; x_wconf 78' lang='lat' dir='ltr'><strong>effecto</strong></span> <span class='ocrx_word' id='word_1_94' title='bbox 889 2199 1012 2262; x_wconf 89' lang='lat' dir='ltr'><strong>donum</strong></span> <span class='ocrx_word' id='word_1_95' title='bbox 1033 2202 1179 2285; x_wconf 88' lang='lat' dir='ltr'><strong>amplum</strong></span> 
     </span>
     <span class='ocr_line' id='line_1_19' title="bbox 286 2300 1260 2388; baseline 0.001 -23"><span class='ocrx_word' id='word_1_96' title='bbox 286 2301 399 2365; x_wconf 85' lang='lat' dir='ltr'><strong>Victor</strong></span> <span class='ocrx_word' id='word_1_97' title='bbox 419 2300 539 2387; x_wconf 86' lang='lat' dir='ltr'><strong>templa</strong></span> <span class='ocrx_word' id='word_1_98' title='bbox 560 2300 600 2362; x_wconf 88' lang='lat' dir='ltr'><strong>ad</strong></span> <span class='ocrx_word' id='word_1_99' title='bbox 613 2322 686 2362; x_wconf 91' lang='lat' dir='ltr'><strong>mea</strong></span> <span class='ocrx_word' id='word_1_100' title='bbox 706 2312 807 2380; x_wconf 74' lang='lat' dir='ltr'><strong>poma,</strong></span> <span class='ocrx_word' id='word_1_101' title='bbox 829 2321 977 2384; x_wconf 84' lang='lat' dir='ltr'><strong>sacraque</strong></span> <span class='ocrx_word' id='word_1_102' title='bbox 991 2303 1100 2388; x_wconf 85' lang='lat' dir='ltr'><strong>patria,</strong></span> <span class='ocrx_word' id='word_1_103' title='bbox 1123 2325 1260 2386; x_wconf 85' lang='lat' dir='ltr'><strong>quorum</strong></span> 
     </span>
     <span class='ocr_line' id='line_1_20' title="bbox 287 2401 1099 2488; baseline -0.005 -18"><span class='ocrx_word' id='word_1_104' title='bbox 287 2404 414 2470; x_wconf 87' lang='lat' dir='ltr'><strong>Omissa</strong></span> <span class='ocrx_word' id='word_1_105' title='bbox 435 2419 509 2470; x_wconf 74' lang='lat' dir='ltr'><strong>orna</strong></span> <span class='ocrx_word' id='word_1_106' title='bbox 530 2416 590 2488; x_wconf 83' lang='lat' dir='ltr'><strong>est,</strong></span> <span class='ocrx_word' id='word_1_107' title='bbox 614 2403 798 2486; x_wconf 77' lang='lat' dir='ltr'><strong>instaurata,</strong></span> <span class='ocrx_word' id='word_1_108' title='bbox 825 2414 861 2467; x_wconf 89' lang='lat' dir='ltr'><strong>ut</strong></span> <span class='ocrx_word' id='word_1_109' title='bbox 881 2403 1014 2486; x_wconf 85' lang='lat' dir='ltr'><strong>adsolet,</strong></span> <span class='ocrx_word' id='word_1_110' title='bbox 1038 2401 1099 2475; x_wconf 79' lang='lat' dir='ltr'><strong>fae,</strong></span> 
     </span>
    </p>
   </div>
   <div class='ocr_carea' id='block_1_8' title="bbox 287 2585 1107 2801">
    <p class='ocr_par' dir='ltr' id='par_1_12' title="bbox 287 2585 1107 2801">
     <span class='ocr_line' id='line_1_21' title="bbox 678 2585 790 2656; baseline 0 -26"><span class='ocrx_word' id='word_1_111' title='bbox 678 2622 681 2630; x_wconf 89' lang='lat'><strong>.</strong></span> <span class='ocrx_word' id='word_1_112' title='bbox 756 2585 790 2656; x_wconf 75' lang='lat'><strong>7,</strong></span> 
     </span>
     <span class='ocr_line' id='line_1_22' title="bbox 287 2711 1107 2801; baseline -0.005 -21"><span class='ocrx_word' id='word_1_113' title='bbox 287 2714 433 2780; x_wconf 87' lang='lat' dir='ltr'><strong>Hiberno</strong></span> <span class='ocrx_word' id='word_1_114' title='bbox 453 2715 603 2801; x_wconf 80' lang='lat' dir='ltr'><strong>pulvere,</strong></span> <span class='ocrx_word' id='word_1_115' title='bbox 626 2738 729 2779; x_wconf 91' lang='lat' dir='ltr'><strong>verno</strong></span> <span class='ocrx_word' id='word_1_116' title='bbox 750 2716 835 2797; x_wconf 83' lang='lat' dir='ltr'><strong>luto,</strong></span> <span class='ocrx_word' id='word_1_117' title='bbox 859 2713 990 2800; x_wconf 85' lang='lat' dir='ltr'><strong>grandia</strong></span> <span class='ocrx_word' id='word_1_118' title='bbox 1012 2711 1107 2796; x_wconf 82' lang='lat' dir='ltr'><strong>sarra,</strong></span> 
     </span>
    </p>
   </div>
   <div class='ocr_carea' id='block_1_9' title="bbox 288 2818 789 3073">
    <p class='ocr_par' dir='ltr' id='par_1_13' title="bbox 288 2818 789 3073">
     <span class='ocr_line' id='line_1_23' title="bbox 288 2818 577 2912; baseline 0 -29"><span class='ocrx_word' id='word_1_119' title='bbox 288 2818 441 2912; x_wconf 75' lang='lat' dir='ltr'><strong>Camilla,</strong></span> <span class='ocrx_word' id='word_1_120' title='bbox 468 2831 577 2890; x_wconf 87' lang='lat' dir='ltr'><strong>metes.</strong></span> 
     </span>
     <span class='ocr_line' id='line_1_24' title="bbox 756 3003 789 3073; baseline 0 -13"><span class='ocrx_word' id='word_1_121' title='bbox 756 3003 789 3073; x_wconf 82' lang='grc'><strong>8.</strong></span> 
     </span>
    </p>
   </div>
   <div class='ocr_carea' id='block_1_10' title="bbox 309 3098 692 3276">
    <p class='ocr_par' dir='ltr' id='par_1_14' title="bbox 309 3098 692 3276">
     <span class='ocr_line' id='line_1_25' title="bbox 309 3098 691 3173; baseline -0.003 -6"><span class='ocrx_word' id='word_1_122' title='bbox 309 3098 321 3142; x_wconf 64' lang='lat'>1</span> <span class='ocrx_word' id='word_1_123' title='bbox 349 3103 437 3167; x_wconf 90' lang='lat' dir='ltr'><strong>Enos</strong></span> <span class='ocrx_word' id='word_1_124' title='bbox 458 3103 556 3166; x_wconf 85' lang='lat' dir='ltr'><strong>Lases</strong></span> <span class='ocrx_word' id='word_1_125' title='bbox 577 3104 691 3173; x_wconf 82' lang='lat' dir='ltr'><strong>iuvate.</strong></span> 
     </span>
     <span class='ocr_line' id='line_1_26' title="bbox 349 3206 692 3276; baseline -0.003 -6"><span class='ocrx_word' id='word_1_126' title='bbox 349 3207 437 3270; x_wconf 91' lang='lat' dir='ltr'><strong>Enos</strong></span> <span class='ocrx_word' id='word_1_127' title='bbox 457 3206 555 3270; x_wconf 80' lang='lat' dir='ltr'><strong>Lases</strong></span> <span class='ocrx_word' id='word_1_128' title='bbox 576 3207 692 3276; x_wconf 87' lang='lat' dir='ltr'><strong>iuvate.</strong></span> 
     </span>
    </p>
   </div>
   <div class='ocr_carea' id='block_1_11' title="bbox 351 3308 694 3380">
    <p class='ocr_par' dir='ltr' id='par_1_15' title="bbox 351 3308 694 3380">
     <span class='ocr_line' id='line_1_27' title="bbox 351 3308 694 3380; baseline 0.003 -8"><span class='ocrx_word' id='word_1_129' title='bbox 351 3309 438 3372; x_wconf 88' lang='lat' dir='ltr'><strong>Enos</strong></span> <span class='ocrx_word' id='word_1_130' title='bbox 460 3308 553 3374; x_wconf 86' lang='lat' dir='ltr'><strong>Lases</strong></span> <span class='ocrx_word' id='word_1_131' title='bbox 573 3311 694 3380; x_wconf 80' lang='lat' dir='ltr'><strong>iuvate.</strong></span> 
     </span>
    </p>
   </div>
   <div class='ocr_carea' id='block_1_12' title="bbox 290 3441 1241 3744">
    <p class='ocr_par' dir='ltr' id='par_1_16' title="bbox 290 3441 1241 3744">
     <span class='ocr_line' id='line_1_28' title="bbox 290 3441 1241 3536; baseline 0.007 -30"><span class='ocrx_word' id='word_1_132' title='bbox 290 3441 384 3506; x_wconf 88' lang='lat' dir='ltr'><strong>Neve</strong></span> <span class='ocrx_word' id='word_1_133' title='bbox 404 3443 567 3526; x_wconf 87' lang='lat' dir='ltr'><strong>luervem,</strong></span> <span class='ocrx_word' id='word_1_134' title='bbox 595 3444 759 3528; x_wconf 82' lang='lat' dir='ltr'><strong>Marmar,</strong></span> <span class='ocrx_word' id='word_1_135' title='bbox 788 3448 853 3512; x_wconf 90' lang='lat' dir='ltr'><strong>sins</strong></span> <span class='ocrx_word' id='word_1_136' title='bbox 873 3449 1036 3514; x_wconf 84' lang='lat' dir='ltr'><strong>incurrere</strong></span> <span class='ocrx_word' id='word_1_137' title='bbox 1056 3449 1091 3512; x_wconf 90' lang='lat' dir='ltr'><strong>in</strong></span> <span class='ocrx_word' id='word_1_138' title='bbox 1111 3450 1241 3536; x_wconf 84' lang='lat' dir='ltr'><strong>pleoris.</strong></span> 
     </span>
     <span class='ocr_line' id='line_1_29' title="bbox 290 3548 1239 3642; baseline 0.011 -32"><span class='ocrx_word' id='word_1_139' title='bbox 290 3548 385 3610; x_wconf 90' lang='lat' dir='ltr'><strong>Neve</strong></span> <span class='ocrx_word' id='word_1_140' title='bbox 404 3548 569 3630; x_wconf 88' lang='lat' dir='ltr'><strong>luervem,</strong></span> <span class='ocrx_word' id='word_1_141' title='bbox 597 3549 761 3633; x_wconf 86' lang='lat' dir='ltr'><strong>Marmar,</strong></span> <span class='ocrx_word' id='word_1_142' title='bbox 788 3553 853 3617; x_wconf 90' lang='lat' dir='ltr'><strong>sins</strong></span> <span class='ocrx_word' id='word_1_143' title='bbox 874 3554 1036 3618; x_wconf 76' lang='lat' dir='ltr'><strong>incurrere</strong></span> <span class='ocrx_word' id='word_1_144' title='bbox 1057 3554 1091 3617; x_wconf 91' lang='lat' dir='ltr'><strong>in</strong></span> <span class='ocrx_word' id='word_1_145' title='bbox 1111 3553 1239 3642; x_wconf 86' lang='lat' dir='ltr'><strong>pleoris.</strong></span> 
     </span>
     <span class='ocr_line' id='line_1_30' title="bbox 293 3649 1241 3744; baseline 0.012 -30"><span class='ocrx_word' id='word_1_146' title='bbox 293 3649 387 3715; x_wconf 83' lang='lat' dir='ltr'><strong>Neve</strong></span> <span class='ocrx_word' id='word_1_147' title='bbox 406 3652 570 3736; x_wconf 86' lang='lat' dir='ltr'><strong>luervem,</strong></span> <span class='ocrx_word' id='word_1_148' title='bbox 599 3655 763 3738; x_wconf 86' lang='lat' dir='ltr'><strong>Marmar,</strong></span> <span class='ocrx_word' id='word_1_149' title='bbox 790 3657 855 3720; x_wconf 83' lang='lat' dir='ltr'><strong>sins</strong></span> <span class='ocrx_word' id='word_1_150' title='bbox 876 3657 1038 3722; x_wconf 83' lang='lat' dir='ltr'><strong>incurrere</strong></span> <span class='ocrx_word' id='word_1_151' title='bbox 1059 3657 1094 3722; x_wconf 93' lang='lat' dir='ltr'><strong>in</strong></span> <span class='ocrx_word' id='word_1_152' title='bbox 1114 3657 1241 3744; x_wconf 81' lang='lat' dir='ltr'><strong>pleoris,</strong></span> 
     </span>
    </p>
   </div>
   <div class='ocr_carea' id='block_1_13' title="bbox 293 3793 1174 4090">
    <p class='ocr_par' dir='ltr' id='par_1_17' title="bbox 293 3793 1174 4090">
     <span class='ocr_line' id='line_1_31' title="bbox 293 3793 1080 3882; baseline 0.01 -23"><span class='ocrx_word' id='word_1_153' title='bbox 293 3796 383 3860; x_wconf 87' lang='lat' dir='ltr'><strong>Satur</strong></span> <span class='ocrx_word' id='word_1_154' title='bbox 404 3793 524 3879; x_wconf 82' lang='lat' dir='ltr'><strong>furere,</strong></span> <span class='ocrx_word' id='word_1_155' title='bbox 546 3797 651 3882; x_wconf 88' lang='lat' dir='ltr'><strong>Mars,</strong></span> <span class='ocrx_word' id='word_1_156' title='bbox 676 3800 776 3863; x_wconf 90' lang='lat' dir='ltr'><strong>limen</strong></span> <span class='ocrx_word' id='word_1_157' title='bbox 796 3802 869 3865; x_wconf 88' lang='lat' dir='ltr'><strong>salis</strong></span> <span class='ocrx_word' id='word_1_158' title='bbox 889 3815 936 3865; x_wconf 87' lang='lat' dir='ltr'><strong>sta</strong></span> <span class='ocrx_word' id='word_1_159' title='bbox 955 3802 1080 3876; x_wconf 81' lang='lat' dir='ltr'><strong>berber,</strong></span> 
     </span>
     <span class='ocr_line' id='line_1_32' title="bbox 293 3898 1082 3984; baseline 0.013 -22"><span class='ocrx_word' id='word_1_160' title='bbox 293 3899 384 3963; x_wconf 82' lang='lat' dir='ltr'><strong>Satur</strong></span> <span class='ocrx_word' id='word_1_161' title='bbox 405 3898 526 3982; x_wconf 77' lang='lat' dir='ltr'><strong>furere,</strong></span> <span class='ocrx_word' id='word_1_162' title='bbox 547 3902 652 3984; x_wconf 86' lang='lat' dir='ltr'><strong>Mars,</strong></span> <span class='ocrx_word' id='word_1_163' title='bbox 673 3904 774 3967; x_wconf 89' lang='lat' dir='ltr'><strong>limen</strong></span> <span class='ocrx_word' id='word_1_164' title='bbox 791 3904 868 3968; x_wconf 84' lang='lat' dir='ltr'><strong>salis</strong></span> <span class='ocrx_word' id='word_1_165' title='bbox 889 3918 934 3970; x_wconf 85' lang='lat' dir='ltr'><strong>sta</strong></span> <span class='ocrx_word' id='word_1_166' title='bbox 955 3907 1082 3979; x_wconf 88' lang='lat' dir='ltr'><strong>berber.</strong></span> 
     </span>
     <span class='ocr_line' id='line_1_33' title="bbox 295 4001 1174 4090; baseline 0.014 -24"><span class='ocrx_word' id='word_1_167' title='bbox 295 4003 386 4068; x_wconf 88' lang='lat' dir='ltr'><strong>Satur</strong></span> <span class='ocrx_word' id='word_1_168' title='bbox 406 4001 530 4086; x_wconf 76' lang='lat' dir='ltr'><strong>fidere,</strong></span> <span class='ocrx_word' id='word_1_169' title='bbox 552 4007 657 4090; x_wconf 83' lang='lat' dir='ltr'><strong>Mars,</strong></span> <span class='ocrx_word' id='word_1_170' title='bbox 676 4005 778 4072; x_wconf 86' lang='lat' dir='ltr'><strong>limen</strong></span> <span class='ocrx_word' id='word_1_171' title='bbox 798 4009 870 4073; x_wconf 84' lang='lat' dir='ltr'><strong>salis</strong></span> <span class='ocrx_word' id='word_1_172' title='bbox 890 4022 936 4075; x_wconf 84' lang='lat' dir='ltr'><strong>sta</strong></span> <span class='ocrx_word' id='word_1_173' title='bbox 955 4011 1081 4083; x_wconf 84' lang='lat' dir='ltr'><strong>berbor.</strong></span> <span class='ocrx_word' id='word_1_174' title='bbox 1164 4035 1174 4064; x_wconf 73' lang='lat'><strong>¹</strong></span> 
     </span>
    </p>
   </div>
   <div class='ocr_carea' id='block_1_14' title="bbox 294 4146 941 4449">
    <p class='ocr_par' dir='ltr' id='par_1_18' title="bbox 294 4146 941 4449">
     <span class='ocr_line' id='line_1_34' title="bbox 294 4146 941 4242; baseline 0.019 -33"><span class='ocrx_word' id='word_1_175' title='bbox 294 4146 440 4212; x_wconf 86' lang='lat' dir='ltr'><strong>Semunis</strong></span> <span class='ocrx_word' id='word_1_176' title='bbox 461 4150 592 4216; x_wconf 84' lang='lat' dir='ltr'><strong>attemei</strong></span> <span class='ocrx_word' id='word_1_177' title='bbox 614 4153 783 4242; x_wconf 84' lang='lat' dir='ltr'><strong>advooapit</strong></span> <span class='ocrx_word' id='word_1_178' title='bbox 803 4167 941 4228; x_wconf 81' lang='lat' dir='ltr'><strong>conotus.</strong></span> 
     </span>
     <span class='ocr_line' id='line_1_35' title="bbox 295 4251 941 4346; baseline 0.023 -32"><span class='ocrx_word' id='word_1_179' title='bbox 295 4251 440 4317; x_wconf 87' lang='lat' dir='ltr'><strong>Semunis</strong></span> <span class='ocrx_word' id='word_1_180' title='bbox 461 4254 590 4321; x_wconf 77' lang='lat' dir='ltr'><strong>alternei</strong></span> <span class='ocrx_word' id='word_1_181' title='bbox 617 4258 785 4346; x_wconf 86' lang='lat' dir='ltr'><strong>advocapit</strong></span> <span class='ocrx_word' id='word_1_182' title='bbox 805 4272 941 4330; x_wconf 81' lang='lat' dir='ltr'><strong>cunctos.</strong></span> 
     </span>
     <span class='ocr_line' id='line_1_36' title="bbox 295 4355 939 4449; baseline 0.022 -30"><span class='ocrx_word' id='word_1_183' title='bbox 295 4355 441 4422; x_wconf 80' lang='lat' dir='ltr'><strong>semunis</strong></span> <span class='ocrx_word' id='word_1_184' title='bbox 463 4359 594 4426; x_wconf 86' lang='lat' dir='ltr'><strong>alternei</strong></span> <span class='ocrx_word' id='word_1_185' title='bbox 617 4361 784 4449; x_wconf 85' lang='lat' dir='ltr'><strong>advocapit</strong></span> <span class='ocrx_word' id='word_1_186' title='bbox 802 4375 939 4433; x_wconf 75' lang='lat' dir='ltr'><strong>coactos.</strong></span> 
     </span>
    </p>
   </div>
   <div class='ocr_carea' id='block_1_15' title="bbox 0 0 1460 4824">
    <p class='ocr_par' dir='ltr' id='par_1_19' title="bbox 0 0 1460 4824">
     <span class='ocr_line' id='line_1_37' title="bbox 0 0 1460 4824; baseline 0 0"><span class='ocrx_word' id='word_1_187' title='bbox 0 0 1460 4824; x_wconf 95' lang='lat' dir='ltr'><strong> </strong></span> 
     </span>
    </p>
   </div>
  </div>
 </body>
</html>
