<?xml version="1.0" encoding="UTF-8"?>
<!DOCTYPE html PUBLIC "-//W3C//DTD XHTML 1.0 Transitional//EN"
    "http://www.w3.org/TR/xhtml1/DTD/xhtml1-transitional.dtd">
<html xmlns="http://www.w3.org/1999/xhtml" xml:lang="en" lang="en">
 <head>
  <title>
</title>
<meta http-equiv="Content-Type" content="text/html;charset=utf-8" />
  <meta name='ocr-system' content='tesseract 3.04.00' />
  <meta name='ocr-capabilities' content='ocr_page ocr_carea ocr_par ocr_line ocrx_word'/>
</head>
<body>
  <div class='ocr_page' id='page_1' title='image "./anthologiaveter00burmgoog_0229.png"; bbox 0 0 3000 4820; ppageno 0'>
   <div class='ocr_carea' id='block_1_1' title="bbox 738 184 923 308">
    <p class='ocr_par' dir='ltr' id='par_1_1' title="bbox 738 184 923 308">
     <span class='ocr_line' id='line_1_1' title="bbox 738 184 923 308; baseline -0.005 0"><span class='ocrx_word' id='word_1_1' title='bbox 738 184 825 308; x_wconf 76' lang='lat'><strong>&#39;164</strong></span> <span class='ocrx_word' id='word_1_2' title='bbox 921 285 923 289; x_wconf 44' lang='lat'><em>2</em></span> 
     </span>
    </p>
   </div>
   <div class='ocr_carea' id='block_1_2' title="bbox 244 419 1018 724">
    <p class='ocr_par' dir='ltr' id='par_1_2' title="bbox 244 419 1018 724">
     <span class='ocr_line' id='line_1_2' title="bbox 244 419 1018 516; baseline -0.013 -14"><span class='ocrx_word' id='word_1_3' title='bbox 244 441 287 502; x_wconf 74' lang='lat'><strong>20</strong></span> <span class='ocrx_word' id='word_1_4' title='bbox 412 419 552 516; x_wconf 76' lang='lat' dir='ltr'><strong>Quaevis</strong></span> <span class='ocrx_word' id='word_1_5' title='bbox 570 422 688 498; x_wconf 73' lang='lat' dir='ltr'><strong>honori</strong></span> <span class='ocrx_word' id='word_1_6' title='bbox 713 445 849 490; x_wconf 81' lang='lat' dir='ltr'><strong>munero</strong></span> <span class='ocrx_word' id='word_1_7' title='bbox 871 424 1018 492; x_wconf 81' lang='lat' dir='ltr'><strong>militent.</strong></span> 
     </span>
     <span class='ocr_line' id='line_1_3' title="bbox 408 529 1018 618; baseline -0.005 -19"><span class='ocrx_word' id='word_1_8' title='bbox 408 535 540 601; x_wconf 79' lang='lat' dir='ltr'>Calcare</span> <span class='ocrx_word' id='word_1_9' title='bbox 558 531 587 598; x_wconf 87' lang='lat' dir='ltr'><strong>si</strong></span> <span class='ocrx_word' id='word_1_10' title='bbox 607 529 658 597; x_wconf 84' lang='lat' dir='ltr'><strong>vis</strong></span> <span class='ocrx_word' id='word_1_11' title='bbox 671 529 760 595; x_wconf 73' lang='lat' dir='ltr'><strong>‚oolla</strong></span> <span class='ocrx_word' id='word_1_12' title='bbox 783 531 958 618; x_wconf 80' lang='lat' dir='ltr'>superbiae,</span> <span class='ocrx_word' id='word_1_13' title='bbox 1007 529 1018 548; x_wconf 66' lang='grc'><em>“</em></span> 
     </span>
     <span class='ocr_line' id='line_1_4' title="bbox 366 633 970 724; baseline -0.003 -22"><span class='ocrx_word' id='word_1_14' title='bbox 366 647 370 656; x_wconf 79' lang='grc'><em>“</em></span> <span class='ocrx_word' id='word_1_15' title='bbox 404 637 506 702; x_wconf 79' lang='lat' dir='ltr'><strong>Pensa</strong></span> <span class='ocrx_word' id='word_1_16' title='bbox 530 635 663 704; x_wconf 76' lang='lat' dir='ltr'><strong>caducae</strong></span> <span class='ocrx_word' id='word_1_17' title='bbox 680 633 804 724; x_wconf 86' lang='lat' dir='ltr'><strong>pondus</strong></span> <span class='ocrx_word' id='word_1_18' title='bbox 826 635 970 722; x_wconf 80' lang='lat' dir='ltr'><strong>originis.</strong></span> 
     </span>
    </p>
   </div>
   <div class='ocr_carea' id='block_1_3' title="bbox 318 870 1268 1066">
    <p class='ocr_par' dir='ltr' id='par_1_3' title="bbox 318 870 1268 1066">
     <span class='ocr_line' id='line_1_5' title="bbox 318 870 1268 1066; baseline -0.004 -100"><span class='ocrx_word' id='word_1_19' title='bbox 318 870 576 968; x_wconf 80' lang='lat' dir='ltr'><strong>Duodecim</strong></span> <span class='ocrx_word' id='word_1_20' title='bbox 598 891 848 1066; x_wconf 52' lang='lat' dir='ltr'><strong>Pegasum</strong></span> <span class='ocrx_word' id='word_1_21' title='bbox 873 891 1268 964; x_wconf 77' lang='lat' dir='ltr'><strong>Scholastioorum</strong></span> 
     </span>
     <span class='ocr_line' id='line_1_6' title="bbox 714 1017 909 1064; baseline 0 -1"><span class='ocrx_word' id='word_1_22' title='bbox 714 1017 909 1064; x_wconf 71' lang='lat' dir='ltr'><strong>armona.</strong></span> 
     </span>
    </p>
   </div>
   <div class='ocr_carea' id='block_1_4' title="bbox 390 1183 1147 1480">
    <p class='ocr_par' dir='ltr' id='par_1_4' title="bbox 390 1183 1147 1480">
     <span class='ocr_line' id='line_1_7' title="bbox 390 1183 1147 1356; baseline -0.004 -1"><span class='ocrx_word' id='word_1_23' title='bbox 390 1296 393 1302; x_wconf 83' lang='lat'>&#39;</span> <span class='ocrx_word' id='word_1_24' title='bbox 432 1287 484 1355; x_wconf 84' lang='lat' dir='ltr'><strong>M.</strong></span> <span class='ocrx_word' id='word_1_25' title='bbox 509 1285 652 1355; x_wconf 78' lang='lat' dir='ltr'><strong>Tullii</strong></span> <span class='ocrx_word' id='word_1_26' title='bbox 681 1183 902 1354; x_wconf 63' lang='lat' dir='ltr'><strong>Ci0309r7dnis</strong></span> <span class='ocrx_word' id='word_1_27' title='bbox 929 1285 1147 1356; x_wconf 74' lang='lat' dir='ltr'><strong>Tumulus·</strong></span> 
     </span>
     <span class='ocr_line' id='line_1_8' title="bbox 652 1385 1034 1480; baseline -0.008 -25"><span class='ocrx_word' id='word_1_28' title='bbox 652 1391 921 1480; x_wconf 78' lang='lat' dir='ltr'><strong>Euphorbus.</strong></span> <span class='ocrx_word' id='word_1_29' title='bbox 1030 1385 1034 1392; x_wconf 42' lang='lat'><em>¹</em></span> 
     </span>
    </p>
   </div>
   <div class='ocr_carea' id='block_1_5' title="bbox 242 1505 1196 2098">
    <p class='ocr_par' dir='ltr' id='par_1_5' title="bbox 242 1505 1196 2098">
     <span class='ocr_line' id='line_1_9' title="bbox 323 1505 1149 1596; baseline -0.008 -18"><span class='ocrx_word' id='word_1_30' title='bbox 323 1510 388 1578; x_wconf 87' lang='lat' dir='ltr'><strong>Hie</strong></span> <span class='ocrx_word' id='word_1_31' title='bbox 406 1507 486 1576; x_wconf 74' lang='lat' dir='ltr'><strong>iacet</strong></span> <span class='ocrx_word' id='word_1_32' title='bbox 504 1505 645 1596; x_wconf 84' lang='lat' dir='ltr'>Arpinas</span> <span class='ocrx_word' id='word_1_33' title='bbox 665 1507 811 1572; x_wconf 79' lang='lat' dir='ltr'><strong>manibus</strong></span> <span class='ocrx_word' id='word_1_34' title='bbox 836 1505 1006 1572; x_wconf 78' lang='lat' dir='ltr'><strong>tumulatus</strong></span> <span class='ocrx_word' id='word_1_35' title='bbox 1030 1507 1149 1590; x_wconf 83' lang='lat' dir='ltr'><strong>amicis,</strong></span> 
     </span>
     <span class='ocr_line' id='line_1_10' title="bbox 367 1611 1022 1702; baseline -0.006 -22"><span class='ocrx_word' id='word_1_36' title='bbox 367 1615 434 1702; x_wconf 88' lang='lat' dir='ltr'><strong>Qui</strong></span> <span class='ocrx_word' id='word_1_37' title='bbox 450 1611 510 1678; x_wconf 84' lang='lat' dir='ltr'><strong>fuit</strong></span> <span class='ocrx_word' id='word_1_38' title='bbox 530 1625 636 1678; x_wconf 83' lang='lat' dir='ltr'><strong>orator</strong></span> <span class='ocrx_word' id='word_1_39' title='bbox 656 1633 801 1677; x_wconf 89' lang='lat' dir='ltr'><strong>summus</strong></span> <span class='ocrx_word' id='word_1_40' title='bbox 823 1623 854 1676; x_wconf 86' lang='lat' dir='ltr'><strong>et</strong></span> <span class='ocrx_word' id='word_1_41' title='bbox 874 1611 1022 1692; x_wconf 85' lang='lat' dir='ltr'><strong>eximius,</strong></span> 
     </span>
     <span class='ocr_line' id='line_1_11' title="bbox 327 1712 1124 1804; baseline -0.004 -20"><span class='ocrx_word' id='word_1_42' title='bbox 327 1720 433 1804; x_wconf 88' lang='lat' dir='ltr'><strong>Quem</strong></span> <span class='ocrx_word' id='word_1_43' title='bbox 455 1738 533 1780; x_wconf 87' lang='lat' dir='ltr'><strong>nece</strong></span> <span class='ocrx_word' id='word_1_44' title='bbox 554 1715 674 1781; x_wconf 84' lang='lat' dir='ltr'><strong>crudeli</strong></span> <span class='ocrx_word' id='word_1_45' title='bbox 696 1717 846 1781; x_wconf 79' lang='lat' dir='ltr'><strong>mactavit</strong></span> <span class='ocrx_word' id='word_1_46' title='bbox 866 1712 946 1779; x_wconf 89' lang='lat' dir='ltr'><strong>civis</strong></span> <span class='ocrx_word' id='word_1_47' title='bbox 965 1725 995 1778; x_wconf 87' lang='lat' dir='ltr'><strong>et</strong></span> <span class='ocrx_word' id='word_1_48' title='bbox 1015 1713 1124 1782; x_wconf 88' lang='lat' dir='ltr'><strong>hostis.</strong></span> 
     </span>
     <span class='ocr_line' id='line_1_12' title="bbox 367 1817 1129 1906; baseline -0.003 -18"><span class='ocrx_word' id='word_1_49' title='bbox 367 1823 426 1888; x_wconf 84' lang='lat' dir='ltr'><strong>Nil</strong></span> <span class='ocrx_word' id='word_1_50' title='bbox 447 1821 532 1906; x_wconf 81' lang='lat' dir='ltr'><strong>agis,</strong></span> <span class='ocrx_word' id='word_1_51' title='bbox 550 1818 691 1884; x_wconf 78' lang='lat' dir='ltr'><strong>Antoni:</strong></span> <span class='ocrx_word' id='word_1_52' title='bbox 716 1819 832 1906; x_wconf 84' lang='lat' dir='ltr'><strong>scripta</strong></span> <span class='ocrx_word' id='word_1_53' title='bbox 853 1817 967 1883; x_wconf 83' lang='lat' dir='ltr'><strong>diserte</strong></span> <span class='ocrx_word' id='word_1_54' title='bbox 988 1832 1129 1886; x_wconf 80' lang='lat' dir='ltr'><strong>manent.</strong></span> 
     </span>
     <span class='ocr_line' id='line_1_13' title="bbox 242 1921 1196 2012; baseline -0.002 -20"><span class='ocrx_word' id='word_1_55' title='bbox 242 1946 262 2006; x_wconf 86' lang='lat'><strong><em>5</em></strong></span> <span class='ocrx_word' id='word_1_56' title='bbox 326 1929 466 1995; x_wconf 82' lang='lat' dir='ltr'><strong>Vulnere</strong></span> <span class='ocrx_word' id='word_1_57' title='bbox 486 1947 603 2012; x_wconf 87' lang='lat' dir='ltr'><strong>nempe</strong></span> <span class='ocrx_word' id='word_1_58' title='bbox 622 1946 686 1993; x_wconf 88' lang='lat' dir='ltr'><strong>uno</strong></span> <span class='ocrx_word' id='word_1_59' title='bbox 708 1921 901 1986; x_wconf 86' lang='lat' dir='ltr'><strong>Ciceronem</strong></span> <span class='ocrx_word' id='word_1_60' title='bbox 920 1921 1094 2008; x_wconf 83' lang='lat' dir='ltr'><strong>interficis,</strong></span> <span class='ocrx_word' id='word_1_61' title='bbox 1115 1937 1146 1990; x_wconf 84' lang='lat' dir='ltr'><strong>st</strong></span> <span class='ocrx_word' id='word_1_62' title='bbox 1166 1937 1196 1990; x_wconf 88' lang='lat' dir='ltr'><strong>te</strong></span> 
     </span>
     <span class='ocr_line' id='line_1_14' title="bbox 364 2026 1002 2098; baseline -0.013 0"><span class='ocrx_word' id='word_1_63' title='bbox 364 2027 489 2098; x_wconf 88' lang='lat' dir='ltr'><strong>Tullius</strong></span> <span class='ocrx_word' id='word_1_64' title='bbox 511 2026 642 2094; x_wconf 87' lang='lat' dir='ltr'><strong>aeternis</strong></span> <span class='ocrx_word' id='word_1_65' title='bbox 670 2026 857 2092; x_wconf 83' lang='lat' dir='ltr'><strong>vulneribus</strong></span> <span class='ocrx_word' id='word_1_66' title='bbox 877 2028 1002 2092; x_wconf 82' lang='lat' dir='ltr'><strong>lecerat.</strong></span> 
     </span>
    </p>
   </div>
   <div class='ocr_carea' id='block_1_6' title="bbox 0 1108 2 1779">
    <p class='ocr_par' dir='ltr' id='par_1_6' title="bbox 0 1108 2 1779">
     <span class='ocr_line' id='line_1_15' title="bbox 0 1108 2 1779; baseline 0 0"><span class='ocrx_word' id='word_1_67' title='bbox 0 1108 2 1779; x_wconf 95' lang='lat' dir='ltr'><strong> </strong></span> 
     </span>
    </p>
   </div>
   <div class='ocr_carea' id='block_1_7' title="bbox 742 2193 928 2270">
    <p class='ocr_par' dir='ltr' id='par_1_7' title="bbox 742 2193 928 2270">
     <span class='ocr_line' id='line_1_16' title="bbox 742 2193 928 2270; baseline 0 -5"><span class='ocrx_word' id='word_1_68' title='bbox 742 2193 826 2270; x_wconf 85' lang='lat'><strong>398·</strong></span> <span class='ocrx_word' id='word_1_69' title='bbox 926 2224 928 2228; x_wconf 93' lang='lat'>·</span> 
     </span>
    </p>
   </div>
   <div class='ocr_carea' id='block_1_8' title="bbox 669 2297 887 2364">
    <p class='ocr_par' dir='ltr' id='par_1_8' title="bbox 669 2297 887 2364">
     <span class='ocr_line' id='line_1_17' title="bbox 669 2297 887 2364; baseline 0 -2"><span class='ocrx_word' id='word_1_70' title='bbox 669 2297 887 2364; x_wconf 82' lang='lat' dir='ltr'><strong>Iulianus.</strong></span> 
     </span>
    </p>
   </div>
   <div class='ocr_carea' id='block_1_9' title="bbox 242 2411 1252 3019">
    <p class='ocr_par' dir='ltr' id='par_1_9' title="bbox 242 2411 1252 3019">
     <span class='ocr_line' id='line_1_18' title="bbox 324 2411 1233 2502; baseline 0.004 -23"><span class='ocrx_word' id='word_1_71' title='bbox 324 2417 447 2502; x_wconf 87' lang='lat' dir='ltr'><strong>Corpus</strong></span> <span class='ocrx_word' id='word_1_72' title='bbox 468 2411 503 2477; x_wconf 88' lang='lat' dir='ltr'><strong>in</strong></span> <span class='ocrx_word' id='word_1_73' title='bbox 524 2411 585 2477; x_wconf 92' lang='lat' dir='ltr'><strong>hoc</strong></span> <span class='ocrx_word' id='word_1_74' title='bbox 604 2412 728 2476; x_wconf 88' lang='lat' dir='ltr'><strong>tumulo</strong></span> <span class='ocrx_word' id='word_1_75' title='bbox 751 2412 861 2497; x_wconf 81' lang='lat' dir='ltr'><strong>magni</strong></span> <span class='ocrx_word' id='word_1_76' title='bbox 882 2411 1046 2478; x_wconf 83' lang='lat' dir='ltr'><strong>Ciceronis</strong></span> <span class='ocrx_word' id='word_1_77' title='bbox 1067 2415 1233 2482; x_wconf 81' lang='lat' dir='ltr'><strong>humatum</strong></span> 
     </span>
     <span class='ocr_line' id='line_1_19' title="bbox 370 2512 993 2601; baseline -0.002 -20"><span class='ocrx_word' id='word_1_78' title='bbox 370 2515 572 2601; x_wconf 83' lang='lat' dir='ltr'><strong>Contegitur,</strong></span> <span class='ocrx_word' id='word_1_79' title='bbox 592 2514 678 2578; x_wconf 86' lang='lat' dir='ltr'><strong>claro</strong></span> <span class='ocrx_word' id='word_1_80' title='bbox 699 2514 753 2600; x_wconf 90' lang='lat' dir='ltr'><strong>qui</strong></span> <span class='ocrx_word' id='word_1_81' title='bbox 774 2512 834 2580; x_wconf 87' lang='lat' dir='ltr'><strong>fuit</strong></span> <span class='ocrx_word' id='word_1_82' title='bbox 852 2515 993 2600; x_wconf 88' lang='lat' dir='ltr'><strong>ingenio,</strong></span> 
     </span>
     <span class='ocr_line' id='line_1_20' title="bbox 324 2617 1252 2710; baseline 0.005 -24"><span class='ocrx_word' id='word_1_83' title='bbox 324 2621 451 2707; x_wconf 88' lang='lat' dir='ltr'><strong>Quique</strong></span> <span class='ocrx_word' id='word_1_84' title='bbox 473 2618 566 2682; x_wconf 79' lang='lat' dir='ltr'><strong>malis</strong></span> <span class='ocrx_word' id='word_1_85' title='bbox 586 2617 694 2704; x_wconf 77' lang='lat' dir='ltr'><strong>gravis</strong></span> <span class='ocrx_word' id='word_1_86' title='bbox 714 2617 811 2682; x_wconf 85' lang='lat' dir='ltr'><strong>hostis</strong></span> <span class='ocrx_word' id='word_1_87' title='bbox 833 2631 899 2683; x_wconf 83' lang='lat' dir='ltr'><strong>eret</strong></span> <span class='ocrx_word' id='word_1_88' title='bbox 917 2631 1061 2707; x_wconf 85' lang='lat' dir='ltr'><strong>tutorque</strong></span> <span class='ocrx_word' id='word_1_89' title='bbox 1080 2622 1252 2710; x_wconf 85' lang='lat' dir='ltr'><strong>bonorum,</strong></span> 
     </span>
     <span class='ocr_line' id='line_1_21' title="bbox 365 2721 1095 2813; baseline 0.005 -25"><span class='ocrx_word' id='word_1_90' title='bbox 365 2725 439 2810; x_wconf 90' lang='lat' dir='ltr'><strong>Quo</strong></span> <span class='ocrx_word' id='word_1_91' title='bbox 457 2745 555 2812; x_wconf 80' lang='lat' dir='ltr'><strong>paene</strong></span> <span class='ocrx_word' id='word_1_92' title='bbox 575 2721 705 2807; x_wconf 89' lang='lat' dir='ltr'><strong>indigne</strong></span> <span class='ocrx_word' id='word_1_93' title='bbox 726 2723 854 2787; x_wconf 87' lang='lat' dir='ltr'><strong>consule</strong></span> <span class='ocrx_word' id='word_1_94' title='bbox 873 2723 980 2788; x_wconf 85' lang='lat' dir='ltr'><strong>Roma</strong></span> <span class='ocrx_word' id='word_1_95' title='bbox 1002 2725 1095 2813; x_wconf 89' lang='lat' dir='ltr'><strong>perit.</strong></span> 
     </span>
     <span class='ocr_line' id='line_1_22' title="bbox 242 2823 1026 2913; baseline 0.001 -19"><span class='ocrx_word' id='word_1_96' title='bbox 242 2843 262 2904; x_wconf 85' lang='lat'><strong><em>5</em></strong></span> <span class='ocrx_word' id='word_1_97' title='bbox 315 2828 378 2894; x_wconf 88' lang='lat' dir='ltr'><strong>Sed</strong></span> <span class='ocrx_word' id='word_1_98' title='bbox 398 2827 491 2913; x_wconf 85' lang='lat' dir='ltr'><strong>vigili</strong></span> <span class='ocrx_word' id='word_1_99' title='bbox 511 2849 586 2892; x_wconf 83' lang='lat' dir='ltr'><strong>cura</strong></span> <span class='ocrx_word' id='word_1_100' title='bbox 607 2825 732 2890; x_wconf 78' lang='lat' dir='ltr'><strong>detectis</strong></span> <span class='ocrx_word' id='word_1_101' title='bbox 751 2823 891 2892; x_wconf 84' lang='lat' dir='ltr'><strong>hoslibus</strong></span> <span class='ocrx_word' id='word_1_102' title='bbox 911 2830 1026 2895; x_wconf 87' lang='lat' dir='ltr'><strong>urbem</strong></span> 
     </span>
     <span class='ocr_line' id='line_1_23' title="bbox 364 2929 1085 3019; baseline 0.006 -23"><span class='ocrx_word' id='word_1_103' title='bbox 364 2930 586 3019; x_wconf 78' lang='lat' dir='ltr'><strong>supplicioque</strong></span> <span class='ocrx_word' id='word_1_104' title='bbox 606 2929 683 2994; x_wconf 82' lang='lat' dir='ltr'><strong>datis</strong></span> <span class='ocrx_word' id='word_1_105' title='bbox 704 2931 861 3018; x_wconf 80' lang='lat' dir='ltr'><strong>praestitit</strong></span> <span class='ocrx_word' id='word_1_106' title='bbox 879 2933 1085 3001; x_wconf 87' lang='lat' dir='ltr'><strong>incolumem.</strong></span> 
     </span>
    </p>
   </div>
   <div class='ocr_carea' id='block_1_10' title="bbox 236 3097 1308 3925">
    <p class='ocr_par' dir='ltr' id='par_1_10' title="bbox 745 3097 829 3176">
     <span class='ocr_line' id='line_1_24' title="bbox 745 3097 829 3176; baseline 0.107 -8"><span class='ocrx_word' id='word_1_107' title='bbox 745 3097 829 3176; x_wconf 85' lang='lat'><strong>399·</strong></span> 
     </span>
    </p>

    <p class='ocr_par' dir='ltr' id='par_1_11' title="bbox 326 3199 892 3306">
     <span class='ocr_line' id='line_1_25' title="bbox 326 3199 892 3306; baseline 0.009 -43"><span class='ocrx_word' id='word_1_108' title='bbox 326 3263 336 3306; x_wconf 39' lang='grc' dir='ltr'>ι</span> <span class='ocrx_word' id='word_1_109' title='bbox 671 3199 892 3270; x_wconf 74' lang='lat' dir='ltr'><strong>Hilarius.</strong></span> 
     </span>
    </p>

    <p class='ocr_par' dir='ltr' id='par_1_12' title="bbox 321 3305 1085 3510">
     <span class='ocr_line' id='line_1_26' title="bbox 321 3305 1085 3405; baseline 0.01 -26"><span class='ocrx_word' id='word_1_110' title='bbox 321 3314 441 3380; x_wconf 85' lang='lat' dir='ltr'><strong>Unicus</strong></span> <span class='ocrx_word' id='word_1_111' title='bbox 462 3323 566 3377; x_wconf 83' lang='lat' dir='ltr'><strong>orator</strong></span> <span class='ocrx_word' id='word_1_112' title='bbox 586 3305 757 3402; x_wconf 87' lang='lat' dir='ltr'><strong>lumenque</strong></span> <span class='ocrx_word' id='word_1_113' title='bbox 780 3316 934 3405; x_wconf 82' lang='lat' dir='ltr'><strong>decusque</strong></span> <span class='ocrx_word' id='word_1_114' title='bbox 953 3332 1085 3404; x_wconf 79' lang='lat' dir='ltr'><strong>sensns,</strong></span> 
     </span>
     <span class='ocr_line' id='line_1_27' title="bbox 361 3417 986 3510; baseline 0.016 -30"><span class='ocrx_word' id='word_1_115' title='bbox 361 3417 510 3481; x_wconf 77' lang='lat' dir='ltr'><strong>servator</strong></span> <span class='ocrx_word' id='word_1_116' title='bbox 529 3417 662 3504; x_wconf 80' lang='lat' dir='ltr'><strong>patriae,</strong></span> <span class='ocrx_word' id='word_1_117' title='bbox 692 3417 837 3485; x_wconf 87' lang='lat' dir='ltr'><strong>conditor</strong></span> <span class='ocrx_word' id='word_1_118' title='bbox 856 3422 986 3510; x_wconf 89' lang='lat' dir='ltr'><strong>eloquii,</strong></span> 
     </span>
    </p>

    <p class='ocr_par' dir='ltr' id='par_1_13' title="bbox 320 3518 1093 3720">
     <span class='ocr_line' id='line_1_28' title="bbox 320 3518 1093 3616; baseline 0.013 -31"><span class='ocrx_word' id='word_1_119' title='bbox 320 3521 416 3586; x_wconf 89' lang='lat' dir='ltr'><strong>Cuius</strong></span> <span class='ocrx_word' id='word_1_120' title='bbox 434 3518 472 3582; x_wconf 83' lang='lat' dir='ltr'><strong>ab</strong></span> <span class='ocrx_word' id='word_1_121' title='bbox 493 3519 621 3606; x_wconf 87' lang='lat' dir='ltr'><strong>ingenio</strong></span> <span class='ocrx_word' id='word_1_122' title='bbox 641 3521 770 3586; x_wconf 82' lang='lat' dir='ltr'><strong>tandem</strong></span> <span class='ocrx_word' id='word_1_123' title='bbox 789 3523 941 3593; x_wconf 74' lang='lat' dir='ltr'><strong>iilustrare</strong></span> <span class='ocrx_word' id='word_1_124' title='bbox 960 3529 1093 3616; x_wconf 82' lang='lat' dir='ltr'><strong>perenni</strong></span> 
     </span>
     <span class='ocr_line' id='line_1_29' title="bbox 360 3621 1039 3720; baseline 0.022 -36"><span class='ocrx_word' id='word_1_125' title='bbox 360 3621 501 3687; x_wconf 87' lang='lat' dir='ltr'><strong>Lumine</strong></span> <span class='ocrx_word' id='word_1_126' title='bbox 520 3623 681 3710; x_wconf 79' lang='lat' dir='ltr'><strong>praeclaro</strong></span> <span class='ocrx_word' id='word_1_127' title='bbox 701 3625 808 3712; x_wconf 79' lang='lat' dir='ltr'><strong>lingua</strong></span> <span class='ocrx_word' id='word_1_128' title='bbox 827 3627 923 3696; x_wconf 80' lang='lat' dir='ltr'><strong>latina</strong></span> <span class='ocrx_word' id='word_1_129' title='bbox 943 3633 1039 3720; x_wconf 81' lang='lat' dir='ltr'><strong>viget,</strong></span> 
     </span>
    </p>

    <p class='ocr_par' dir='ltr' id='par_1_14' title="bbox 236 3724 1308 3822">
     <span class='ocr_line' id='line_1_30' title="bbox 236 3724 1308 3822; baseline 0.015 -32"><span class='ocrx_word' id='word_1_130' title='bbox 236 3739 256 3801; x_wconf 81' lang='lat'><em>5</em></span> <span class='ocrx_word' id='word_1_131' title='bbox 315 3724 441 3792; x_wconf 88' lang='lat' dir='ltr'><strong>Occidit</strong></span> <span class='ocrx_word' id='word_1_132' title='bbox 461 3726 590 3813; x_wconf 87' lang='lat' dir='ltr'><strong>indigne</strong></span> <span class='ocrx_word' id='word_1_133' title='bbox 608 3728 755 3794; x_wconf 87' lang='lat' dir='ltr'><strong>manibus</strong></span> <span class='ocrx_word' id='word_1_134' title='bbox 773 3731 923 3797; x_wconf 77' lang='lat' dir='ltr'><strong>laceratus</strong></span> <span class='ocrx_word' id='word_1_135' title='bbox 943 3734 1060 3822; x_wconf 89' lang='lat' dir='ltr'><strong>iniquis</strong></span> <span class='ocrx_word' id='word_1_136' title='bbox 1296 3764 1308 3795; x_wconf 72' lang='lat' dir='ltr'><em>v</em></span> 
     </span>
    </p>

    <p class='ocr_par' dir='ltr' id='par_1_15' title="bbox 359 3830 1063 3925">
     <span class='ocr_line' id='line_1_31' title="bbox 359 3830 1063 3925; baseline 0.016 -29"><span class='ocrx_word' id='word_1_137' title='bbox 359 3830 482 3897; x_wconf 90' lang='lat' dir='ltr'><strong>Tullius</strong></span> <span class='ocrx_word' id='word_1_138' title='bbox 488 3879 499 3916; x_wconf 92' lang='lat'>,</span> <span class='ocrx_word' id='word_1_139' title='bbox 520 3852 556 3896; x_wconf 85' lang='lat' dir='ltr'><strong>sc</strong></span> <span class='ocrx_word' id='word_1_140' title='bbox 574 3833 696 3898; x_wconf 90' lang='lat' dir='ltr'><strong>tumulo</strong></span> <span class='ocrx_word' id='word_1_141' title='bbox 714 3834 854 3902; x_wconf 87' lang='lat' dir='ltr'><strong>subditus</strong></span> <span class='ocrx_word' id='word_1_142' title='bbox 872 3837 986 3925; x_wconf 82' lang='lat' dir='ltr'><strong>exiguo</strong></span> <span class='ocrx_word' id='word_1_143' title='bbox 1008 3852 1063 3908; x_wconf 84' lang='lat' dir='ltr'><strong>est.</strong></span> 
     </span>
    </p>
   </div>
   <div class='ocr_carea' id='block_1_11' title="bbox 314 3980 1150 4386">
    <p class='ocr_par' dir='ltr' id='par_1_16' title="bbox 314 3980 1150 4386">
     <span class='ocr_line' id='line_1_32' title="bbox 733 3980 850 4054; baseline 0.026 -2"><span class='ocrx_word' id='word_1_144' title='bbox 733 3980 818 4054; x_wconf 78' lang='lat'><strong>400·</strong></span> <span class='ocrx_word' id='word_1_145' title='bbox 847 4019 850 4026; x_wconf 62' lang='lat'><strong><em>¹</em></strong></span> 
     </span>
     <span class='ocr_line' id='line_1_33' title="bbox 657 4083 1019 4158; baseline 0.017 -4"><span class='ocrx_word' id='word_1_146' title='bbox 657 4087 895 4158; x_wconf 73' lang='lat' dir='ltr'><strong>Palladiae.</strong></span> <span class='ocrx_word' id='word_1_147' title='bbox 1018 4083 1019 4088; x_wconf 8' lang='grc' dir='ltr'>ἵ</span> 
     </span>
     <span class='ocr_line' id='line_1_34' title="bbox 314 4196 1150 4294; baseline 0.022 -35"><span class='ocrx_word' id='word_1_148' title='bbox 314 4196 512 4281; x_wconf 88' lang='lat' dir='ltr'><strong>Quicumque</strong></span> <span class='ocrx_word' id='word_1_149' title='bbox 534 4197 680 4266; x_wconf 90' lang='lat' dir='ltr'><strong>inlibris</strong></span> <span class='ocrx_word' id='word_1_150' title='bbox 701 4225 823 4272; x_wconf 89' lang='lat' dir='ltr'><strong>nomen</strong></span> <span class='ocrx_word' id='word_1_151' title='bbox 843 4205 1009 4274; x_wconf 84' lang='lat' dir='ltr'><strong>Ciceronis</strong></span> <span class='ocrx_word' id='word_1_152' title='bbox 1029 4210 1150 4294; x_wconf 79' lang='lat' dir='ltr'><strong>adores,</strong></span> 
     </span>
     <span class='ocr_line' id='line_1_35' title="bbox 351 4296 1034 4386; baseline 0.025 -25"><span class='ocrx_word' id='word_1_153' title='bbox 351 4296 499 4385; x_wconf 69' lang='lat' dir='ltr'><strong>Aspice,‘</strong></span> <span class='ocrx_word' id='word_1_154' title='bbox 514 4322 577 4386; x_wconf 89' lang='lat' dir='ltr'><strong>quo</strong></span> <span class='ocrx_word' id='word_1_155' title='bbox 599 4302 696 4371; x_wconf 81' lang='lat' dir='ltr'><strong>iaceat</strong></span> <span class='ocrx_word' id='word_1_156' title='bbox 714 4308 857 4375; x_wconf 82' lang='lat' dir='ltr'><strong>conditus</strong></span> <span class='ocrx_word' id='word_1_157' title='bbox 876 4311 932 4378; x_wconf 89' lang='lat' dir='ltr'><strong>ille</strong></span> <span class='ocrx_word' id='word_1_158' title='bbox 949 4313 1034 4378; x_wconf 84' lang='lat' dir='ltr'><strong>looo.</strong></span> 
     </span>
    </p>
   </div>
   <div class='ocr_carea' id='block_1_12' title="bbox 0 0 1504 4820">
    <p class='ocr_par' dir='ltr' id='par_1_17' title="bbox 0 0 1504 4820">
     <span class='ocr_line' id='line_1_36' title="bbox 0 0 1504 4820; baseline 0 0"><span class='ocrx_word' id='word_1_159' title='bbox 0 0 1504 4820; x_wconf 95' lang='lat' dir='ltr'><strong> </strong></span> 
     </span>
    </p>
   </div>
  </div>
 </body>
</html>
