2944 4836
569 251 774 354 „Q

190 447 234 500 51.
252 457 354 509 semper
370 461 405 494 m.
424 457 452 494 α.
471 457 495 492 c.
513 437 605 505 sulem]
622 436 753 505 supplevit
768 433 912 490 Seriverius
932 438 1004 492 Add.
1019 455 1048 506 p.
1066 441 1126 508 ⁶97·

190 535 234 604 59.
253 532 358 603 indiga]
375 531 394 582 i.
406 549 432 582 e.
450 528 554 598 quando
570 535 629 580 rote
639 525 764 595 corporis,
780 526 869 595 indign
885 527 951 580 lucis
968 528 1059 596 sirice,
1075 529 1144 599 lune,
1158 537 1225 584 mest

50 695 53 704 Ι
122 626 194 680 inter
208 635 307 678 terrem
323 629 350 674 et
365 621 459 672 solem.

639 781 722 861 3&

186 927 269 979 Anth.
288 921 323 977 V·
345 919 402 972 116.
434 917 459 969 A
472 915 595 980 Pithoeo‚
615 918 745 984 Salmasio,
762 917 908 969 Burmanno
925 919 976 969 hoc
993 936 1094 972 carmen
1110 921 1157 972 sub
1172 922 1227 974 Be-

9 991 1224 1074 ‘=mmmmmmmwfflmffimmmmmm

121 1112 174 1156 set.
192 1100 226 1152 T.
253 1101 276 1150 l.
300 1116 318 1165 p
354 1097 414 1147 521.
442 1094 546 1160 docuit,
571 1107 702 1146 auctorem
728 1113 785 1146 esse
811 1094 1027 1148 Wandslbertum
1050 1095 1228 1153 Prumiensem

120 1190 281 1250 Diaconum,
306 1186 350 1253 qni
370 1185 435 1236 circa
452 1201 543 1234 annum
561 1183 619 1234 850.
638 1183 713 1234 vixit.
752 1182 831 1235 Aliud
846 1183 1037 1250 Horologium,
1064 1184 1137 1251 quod
1153 1186 1228 1241 Beda

120 1278 277 1340 confecerat,
293 1273 403 1340 imagine
420 1288 570 1339 expressum
589 1281 629 1322 est
650 1273 677 1324 in
695 1271 767 1341 Opp.
787 1261 844 1324 eius
872 1271 906 1323 Τ.
923 1271 946 1322 Ι.
964 1288 992 1339 p.
1009 1271 1072 1324 465.
1091 1274 1140 1325 edt
1153 1274 1227 1328 Her-

120 1381 178 1432 vsg.
198 1381 221 1414 u.
243 1362 317 1414 1563.

190 1468 214 1503 1.
233 1469 299 1521 quos
321 1449 425 1516 cursus]
449 1457 584 1501 construe:
610 1451 682 1518 Quos
699 1468 800 1501 meuses
826 1452 943 1520 iungant
966 1470 1062 1503 cursus
1086 1451 1153 1504 solis
1176 1471 1228 1506 sua

124 1551 260 1609 tempora,
282 1539 301 1589 i.
321 1557 345 1591 e.
371 1538 415 1606 qni
439 1556 542 1590 menses
565 1539 649 1605 spatio
678 1538 780 1588 dierum
801 1538 872 1589 inter
888 1558 917 1591 se
935 1541 1096 1590 conveniant.
1114 1538 1227 1592 Welche

117 1627 226 1679 Monate
256 1627 283 1677 in
311 1628 384 1678 ihrer
407 1628 566 1696 Tagesliinge
591 1625 639 1674 mit
669 1626 794 1677 einander
818 1628 1043 1695 korrespondiren
1067 1626 1149 1679 durch
1174 1629 1227 1680 den

118 1715 201 1768 Stsnd
218 1717 266 1767 der
284 1716 382 1767 Sonne.

188 1805 214 1858 4.
228 1804 384 1874 paribus-
388 1801 511 1872 punctis]
529 1801 637 1852 Palladii
653 1801 785 1852 Ianuarius
801 1803 825 1870 §.
840 1802 884 1854 25.
919 1801 972 1854 Hic
989 1802 1089 1874 mensis
1099 1803 1127 1856 iu
1143 1805 1227 1858 hore-

117 1910 174 1943 rum
190 1894 275 1960 spatio
293 1909 350 1943 cum
368 1890 508 1943 Decembri
525 1907 613 1941 mense
632 1889 763 1942 convenit.
798 1889 874 1942 Coni.
887 1890 953 1943 Aldi
972 1891 1183 1946 commentarium
1193 1895 1226 1946 ed

9 1963 10 1990 ³
116 1978 530 2046 mmmmmmm
1192 1991 1194 1996 ·

9 2049 10 2064 ἵ
185 2070 210 2121 5.
228 2087 298 2138 qnae
321 2065 420 2132 volvit]
445 2065 548 2118 Pallsd.
575 2065 736 2118 Februarius
764 2066 808 2120 54.
849 2067 901 2120 Hic
928 2069 1023 2122 mensis
1051 2070 1080 2122 in
1102 2071 1225 2122 horarum
1277 2107 1280 2116 .

116 2172 237 2207 mensura
258 2173 316 2207 cnm
334 2153 479 2206 Novembri
496 2170 584 2204 mense
602 2155 752 2211 concordat.

184 2245 209 2296 6.
228 2243 361 2309 Martius]
384 2242 484 2293 Pallsd.
507 2242 618 2294 Martius
646 2243 687 2296 16.
733 2243 785 2297 Hic
806 2245 903 2296 mensis
929 2246 962 2298 ad
987 2244 1224 2314 deprehendendus

116 2331 193 2383 hores
211 2333 342 2384 consentit
359 2331 479 2382 Octobri.
610 2341 613 2348 ⁴
766 2351 768 2356 ·

185 2437 210 2487 7.
230 2431 300 2485 tum,
324 2417 484 2489 Septembre]
507 2419 608 2472 Pallad.
632 2421 733 2490 Aprilis
757 2437 784 2488 9.
824 2422 909 2474 Huius
932 2423 1026 2476 mensis
1048 2423 1128 2476 horse
1151 2424 1224 2479 horis

115 2509 209 2560 mensis
227 2507 387 2576 Septembris
406 2517 556 2575 sequantur.
1226 2569 1227 2576 ἵ

183 2597 210 2649 8.
228 2597 396 2670 Angustum]
421 2596 523 2652 Psllsd.
551 2597 635 2650 Maius
654 2599 694 2651 ss.
728 2599 760 2650 In
781 2597 902 2650 horarum
923 2601 1050 2652 mensuris
1067 2596 1152 2653 Maius
1176 2620 1222 2654 re·

114 2686 227 2752 spondet
242 2687 370 2754 Angusto.

185 2791 210 2840 9.
228 2773 323 2837 Iunia]
347 2770 447 2820 Pullud·
471 2770 561 2822 Innius
588 2775 628 2826 ιδ.
662 2771 750 2823 Iunius
769 2791 798 2824 ac
820 2771 902 2824 Iulius
925 2775 1047 2828 horarum
1068 2778 1119 2828 sibi
1141 2795 1223 2846 sequa

10 2925 11 2930 ¹
114 2858 195 2926 spatie
213 2860 389 2910 contulerunt.
406 2858 540 2908 -Iunius
553 2857 659 2912 eandem
679 2858 741 2910 solis
758 2859 878 2924 orbitam,
897 2878 973 2927 quum
983 2863 1115 2929 Quintilis,
1132 2864 1221 2916 habet.

185 2962 226 2997 ιο.
247 2946 320 3013 oras]
337 2947 357 2996 i.
376 2963 401 2996 e.
420 2962 486 3013 quae
511 2963 572 2996 orae
590 2946 737 2997 umbrarum
760 2947 788 2998 in
809 2948 882 2999 horis
906 2947 1066 3013 singulorum
1097 2952 1222 3002 mensium

115 3034 168 3085 sibi
186 3034 355 3096 conveniant,
380 3033 482 3085 welche
501 3033 738 3101 Schattengrenzen
759 3037 786 3087 in
810 3037 861 3088 den
878 3035 1085 3088 verschicdenen
1102 3039 1218 3092 Stunden

11 3137 12 3148 ¹
44 3123 46 3130 ’
115 3122 356 3174 iibereinstimmen.
392 3124 474 3174 horae
491 3121 626 3173 Pithoeus.

155 3281 156 3285 Ἰ
184 3228 225 3265 12.
238 3214 333 3281 prima
348 3211 514 3278 undecimae]
533 3211 638 3263 Constat
661 3211 754 3262 itidem
778 3229 812 3264 ex
828 3211 967 3276 horologio
985 3209 1110 3275 Palladii,
1130 3213 1221 3268 horam

115 3301 225 3369 primum
242 3311 270 3352 et
289 3301 449 3354 undecimam
467 3301 575 3352 eandem
589 3317 639 3368 per
656 3317 745 3353 omnes
764 3316 863 3350 menses
880 3299 977 3350 habere
998 3316 1151 3367 mensuram,
1171 3305 1219 3356 etsi

117 3389 225 3440 diverso
242 3391 332 3441 mense
351 3393 494 3455 diversam,
515 3399 571 3440 tum
587 3390 699 3441 secunda
716 3389 831 3440 decimae
850 3396 892 3440 est
907 3388 1012 3451 similis,
1034 3390 1112 3441 tertis
1128 3409 1220 3456 nonae,

113 3486 205 3544 quarta
223 3488 345 3546 octavae,
363 3477 608 3549 quintaseptimse‚
625 3486 779 3531 tentavero
795 3477 861 3528 nulli
883 3476 1047 3543 longitudine
1072 3482 1219 3534 umbrarum

112 3579 159 3630 par
179 3574 228 3616 est.

182 3668 223 3721 ¹9·
243 3671 309 3723 quos
326 3656 467 3724 superant]
484 3657 636 3722 legendum:
654 3671 706 3725 quo
723 3665 848 3724 superent
864 3656 912 3708 int.
930 3655 1019 3716 horse,
1030 3654 1075 3707 vel
1086 3674 1157 3726 qnae
1169 3677 1219 3710 su-

106 3751 213 3809 perent.
231 3741 307 3794 Nunc
324 3744 501 3812 descripturus
519 3755 558 3796 est
575 3743 775 3798 wandalbertus
797 3759 941 3796 mensuram
964 3743 1119 3810 singularum
1136 3746 1218 3797 hora-

109 3845 178 3895 rum,
195 3846 247 3897 quo
264 3832 344 3882 modo
360 3833 478 3900 singulae
496 3833 577 3886 horae
592 3831 718 3884 mensium
741 3840 849 3897 augeant
873 3832 1048 3901 minuuntque.
1081 3831 1218 3896 Verbinde

109 3935 163 3970 nnn
181 3917 379 3970 diescStunden
395 3921 423 3971 in
440 3920 650 3986 allenMonsten,
666 3919 720 3970 und
736 3919 879 3985 berechne‚
895 3921 923 3971 in
942 3921 1058 3974 welches
1074 3921 1216 3978 &hatten-

108 4005 186 4074 ltnge
202 4006 241 4058 sis
264 4006 409 4060 ssmehmen
432 4008 487 4060 und
512 4008 671 4075 sbnchmen‚
695 4006 723 4058 in
739 4007 867 4064 welchem
883 4007 984 4062 Messes
1001 4011 1041 4060 sie
1057 4009 1151 4078 linger
1162 4009 1216 4060 und

12 4115 15 4168 t
109 4092 204 4148 kiirzer
221 4093 338 4149 werden.

177 4180 507 4252 anathematismo]
529 4182 589 4235 Hoc
613 4183 780 4252 horologium
803 4184 861 4236 usui
885 4184 939 4235 erit
962 4183 1027 4235 inde
1052 4181 1217 4246 sussubio,

111 4269 157 4324 nbi
173 4289 188 4323 a
205 4287 317 4340 vespere
334 4270 367 4322 sd
388 4279 475 4324 ortum
491 4273 617 4336 vertitur,
643 4289 726 4342 usque
744 4273 777 4324 ad
792 4271 949 4338 Lugdunum
967 4272 1091 4324 adversus
1106 4279 1217 4340 septen-

109 4357 231 4410 trionem·
268 4358 392 4412 Gnomon
409 4361 477 4414 eninr
492 4361 673 4426 Lugdunensis
690 4361 815 4414 adversus
831 4360 1035 4424 septentrionem
1051 4357 1109 4410 sive
1125 4375 1216 4413 versus
