2994 4828
689 205 893 366 mn...

328 453 441 521 invicti
468 451 624 532 Mithrae,
658 448 898 516 Archibuculus
935 445 987 515 dei
1014 450 1145 533 Liberi,
1183 452 1364 523 hiereisnts
1419 475 1427 490 ·

330 560 481 640 Hecatae,
506 557 652 622 sacerdos
673 553 783 636 Isidis,
810 567 961 641 percepto
981 556 1162 622 taurobolio
1185 561 1364 628 criobolio·

333 687 392 751 qne
419 662 529 727 Idibus
557 659 709 747 Augustis
740 659 881 724 dominis
906 659 1024 725 nostris
1051 659 1189 728 Valente
1215 665 1362 754 Augusto
1433 685 1436 693 '

332 768 374 833 V.
396 780 425 832 et
448 766 672 835 Valentiniano
694 762 842 850 Augusto
865 764 1049 831 consulibus
1070 763 1221 836 feliciter.

235 897 239 906 ·
332 873 428 942 Vota
449 871 661 938 Faventinus
684 869 736 936 liis
758 871 839 936 deni
860 870 1007 957 suscipit
1026 869 1129 951 ortu,
1205 901 1207 906 ·
1285 882 1293 896 “

335 978 382 1046 Ut
400 987 524 1046 motet
548 987 701 1066 repetens
721 985 849 1040 aurata
867 972 992 1060 jroute
1011 975 1174 1051 bicornes.

504 1211 508 1218 f
754 1157 839 1228 832·
1134 1223 1136 1230 .

529 1264 679 1356 Optatus
699 1261 840 1328 Cassius
863 1259 1026 1350 Optionis
1044 1259 1076 1348 f.
1157 1235 1159 1240 V

330 1383 517 1469 Susceptum
538 1379 654 1447 merito
680 1389 793 1444 votum
814 1375 889 1459 tibi,
912 1378 1072 1462 Mercuri,
1093 1379 1190 1462 solvi,

331 1487 378 1552 Ut
399 1485 510 1568 facias,
534 1485 649 1551 hilares
670 1507 798 1572 semper
821 1496 873 1549 tua
895 1485 1014 1574 templs
1037 1486 1189 1552 colamus.

661 1774 706 1841 In
727 1773 943 1842 Lucretiam.

331 1888 417 1953 Cum
441 1885 564 1955 foderet
588 1885 677 1955 ferro
700 1903 822 1955 castum
844 1883 998 1952 Lucretia
1026 1895 1143 1976 pectus,

361 1994 543 2079 ¹Sanguinis
564 2007 594 2059 et
614 2007 738 2061 torrens
760 2005 955 2082 egereretur,
976 1989 1033 2055 ait:

254 2147 256 2156 .
332 2097 511 2162 Procedant
532 2111 639 2183 testes,
660 2123 715 2164 me
735 2123 802 2166 non
825 2099 941 2163 favisse
962 2109 1114 2184 tyranno,

371 2203 458 2266 Ante
479 2201 591 2268 virum
610 2205 752 2292 sanguis,
783 2204 912 2292 spiritus
933 2215 1003 2266 ante
1028 2201 1114 2268 deos.
1293 2270 1302 2284 ,

250 2319 272 2380 5
308 2315 311 2320 '
335 2307 443 2393 Quam
461 2306 543 2372 bene
566 2310 718 2402 producti
737 2329 799 2401 pro
820 2331 875 2373 me
895 2321 968 2398 post
984 2305 1049 2372 fata
1071 2309 1248 2395 loquentur,

374 2410 472 2477 Alter
492 2413 575 2500 apud
597 2413 727 2497 Manes,
758 2415 836 2478 alter
858 2413 941 2500 apud
957 2413 1112 2502 ‘Superos

761 2600 845 2672 834.

709 2705 902 2794 Virgilius.
941 2691 944 2698 ¹

336 2825 418 2890 Vate
440 2823 611 2912 Syracosio
632 2821 688 2910 qui
709 2822 850 2902 dulcior,
872 2820 1077 2907 Hesiodoque

374 2930 500 3012 Maior,
526 2929 692 2994 Homerec
712 2949 780 2991 non
800 2925 912 2992 minor
933 2949 990 2992 ore
1010 2921 1091 2992 fluit.

334 3036 425 3104 nlius
445 3035 522 3100 hsec
543 3037 671 3120 qnoque
688 3042 761 3096 sunt
782 3030 887 3095 divini
906 3032 1198 3120 elementa-poetae

374 3142 418 3206 Et
436 3140 521 3206 rudit
544 3138 579 3203 in
600 3135 693 3203 vario
715 3134 858 3201 carmine
879 3135 1042 3226 Calliope!

760 3315 843 3389 835·

340 3454 345 3462 ·
441 3423 498 3489 Dc
518 3421 617 3488 libris
643 3420 802 3510 Virgilii·
820 3422 862 3488 ab
884 3424 980 3490 asino
1002 3424 1167 3490 comestis.

333 3538 497 3606 Carminis
518 3517 606 3604 Iliaci
626 3513 727 3604 libros
749 3532 921 3603 consumsit
942 3539 1069 3604 asellus:
1182 3613 1185 3620 Ι

376 3645 450 3707 Ηοο
469 3629 572 3710 iatum
593 3642 714 3708 Troiae
736 3657 797 3708 est:
835 3657 887 3709 aut
907 3668 1004 3732 equus
1026 3656 1077 3744 sut
1098 3643 1215 3708 asinus.

587 3907 816 4002 In·'Virgttii
836 3914 1020 4003 Georgica.

334 4029 448 4116 Qualis
464 4029 633 4112 bucolicis,
661 4043 792 4126 quantus
812 4032 924 4124 tellure
945 4031 1107 4096 domanda

334 4134 461 4204 Vitibus
484 4133 811 4220 arboribusquesstis
830 4137 1000 4225 pecorique
1021 4138 1193 4224 apibusque

332 4237 523 4316 Aeneadum
544 4235 639 4300 fuerit
659 4251 760 4320 vates,
788 4241 964 4306 tetrasticha
986 4242 1103 4308 dicent.
1132 4287 1139 4298 .

328 4341 502 4410 Continent
524 4362 603 4426 quae
624 4342 762 4428 quisque.
774 4347 873 4432 liber,
888 4349 971 4433 'lege
991 4346 1136 4415 carmine
1156 4355 1274 4412 nostra.
