<?xml version="1.0" encoding="UTF-8"?>
<!DOCTYPE html PUBLIC "-//W3C//DTD XHTML 1.0 Transitional//EN"
    "http://www.w3.org/TR/xhtml1/DTD/xhtml1-transitional.dtd">
<html xmlns="http://www.w3.org/1999/xhtml" xml:lang="en" lang="en">
 <head>
  <title>
</title>
<meta http-equiv="Content-Type" content="text/html;charset=utf-8" />
  <meta name='ocr-system' content='tesseract 3.04.00' />
  <meta name='ocr-capabilities' content='ocr_page ocr_carea ocr_par ocr_line ocrx_word'/>
</head>
<body>
  <div class='ocr_page' id='page_1' title='image "./anthologiaveter00burmgoog_0367.png"; bbox 0 0 2994 4828; ppageno 0'>
   <div class='ocr_carea' id='block_1_1' title="bbox 222 516 1412 2916">
    <p class='ocr_par' dir='ltr' id='par_1_1' title="bbox 258 516 1377 1212">
     <span class='ocr_line' id='line_1_1' title="bbox 330 516 1377 600; baseline 0.003 -17"><span class='ocrx_word' id='word_1_1' title='bbox 330 527 412 583; x_wconf 78' lang='lat' dir='ltr'><strong>Anu.</strong></span> <span class='ocrx_word' id='word_1_2' title='bbox 429 525 476 580; x_wconf 88' lang='lat'><strong>111.</strong></span> <span class='ocrx_word' id='word_1_3' title='bbox 493 525 536 578; x_wconf 87' lang='grc'><strong>66.</strong></span> <span class='ocrx_word' id='word_1_4' title='bbox 557 521 734 592; x_wconf 68' lang='lat' dir='ltr'><strong>Quintilianus</strong></span> <span class='ocrx_word' id='word_1_5' title='bbox 750 516 825 573; x_wconf 85' lang='lat' dir='ltr'><strong>Vlll.</strong></span> <span class='ocrx_word' id='word_1_6' title='bbox 843 519 877 587; x_wconf 87' lang='grc'><strong>6,</strong></span> <span class='ocrx_word' id='word_1_7' title='bbox 901 521 943 592; x_wconf 79' lang='grc'><strong>76.</strong></span> <span class='ocrx_word' id='word_1_8' title='bbox 973 522 1077 578; x_wconf 81' lang='lat' dir='ltr'><strong>Crescit</strong></span> <span class='ocrx_word' id='word_1_9' title='bbox 1099 521 1211 579; x_wconf 78' lang='lat' dir='ltr'><strong>interim</strong></span> <span class='ocrx_word' id='word_1_10' title='bbox 1233 528 1377 600; x_wconf 67' lang='lat' dir='ltr'><strong>hyperbole</strong></span> 
     </span>
     <span class='ocr_line' id='line_1_2' title="bbox 261 610 1376 688; baseline -0.003 -13"><span class='ocrx_word' id='word_1_11' title='bbox 261 618 323 675; x_wconf 80' lang='lat' dir='ltr'><strong>elio</strong></span> <span class='ocrx_word' id='word_1_12' title='bbox 344 620 451 688; x_wconf 79' lang='lat' dir='ltr'><strong>insuper</strong></span> <span class='ocrx_word' id='word_1_13' title='bbox 474 613 574 666; x_wconf 82' lang='lat' dir='ltr'><strong>addita</strong></span> <span class='ocrx_word' id='word_1_14' title='bbox 595 638 631 652; x_wconf 90' lang='lat'><strong>·-</strong></span> <span class='ocrx_word' id='word_1_15' title='bbox 646 628 696 662; x_wconf 89' lang='grc'><strong>-.·</strong></span> <span class='ocrx_word' id='word_1_16' title='bbox 719 626 768 665; x_wconf 82' lang='lat' dir='ltr'><strong>nec</strong></span> <span class='ocrx_word' id='word_1_17' title='bbox 785 610 922 680; x_wconf 80' lang='lat' dir='ltr'><strong>pauciora</strong></span> <span class='ocrx_word' id='word_1_18' title='bbox 947 621 1013 664; x_wconf 84' lang='lat' dir='ltr'><strong>eunt</strong></span> <span class='ocrx_word' id='word_1_19' title='bbox 1032 629 1136 682; x_wconf 82' lang='lat' dir='ltr'><strong>genero</strong></span> <span class='ocrx_word' id='word_1_20' title='bbox 1161 617 1318 672; x_wconf 83' lang='lat' dir='ltr'><strong>minuendi:</strong></span> <span class='ocrx_word' id='word_1_21' title='bbox 1340 650 1376 662; x_wconf 91' lang='lat'><em>-</em></span> 
     </span>
     <span class='ocr_line' id='line_1_3' title="bbox 263 697 1374 771; baseline 0.001 -9"><span class='ocrx_word' id='word_1_22' title='bbox 263 710 328 766; x_wconf 74' lang='lat' dir='ltr'><strong>Vix</strong></span> <span class='ocrx_word' id='word_1_23' title='bbox 345 701 479 760; x_wconf 79' lang='lat' dir='ltr'><strong>ossibus</strong></span> <span class='ocrx_word' id='word_1_24' title='bbox 495 703 643 754; x_wconf 76' lang='lat' dir='ltr'><strong><em>haerent</em></strong></span> <span class='ocrx_word' id='word_1_25' title='bbox 658 709 687 751; x_wconf 86' lang='lat' dir='ltr'><strong>et</strong></span> <span class='ocrx_word' id='word_1_26' title='bbox 703 697 776 768; x_wconf 84' lang='lat' dir='ltr'><strong>quod</strong></span> <span class='ocrx_word' id='word_1_27' title='bbox 791 698 881 750; x_wconf 83' lang='lat' dir='ltr'><strong>Cicero</strong></span> <span class='ocrx_word' id='word_1_28' title='bbox 898 701 928 751; x_wconf 87' lang='lat' dir='ltr'><strong>in</strong></span> <span class='ocrx_word' id='word_1_29' title='bbox 946 701 1064 771; x_wconf 85' lang='lat' dir='ltr'><strong>quodem</strong></span> <span class='ocrx_word' id='word_1_30' title='bbox 1081 700 1201 757; x_wconf 84' lang='lat' dir='ltr'><strong>ioculari</strong></span> <span class='ocrx_word' id='word_1_31' title='bbox 1210 705 1301 761; x_wconf 77' lang='lat' dir='ltr'><strong>libello</strong></span> <span class='ocrx_word' id='word_1_32' title='bbox 1320 721 1374 763; x_wconf 89' lang='lat' dir='ltr'><strong>etc.</strong></span> 
     </span>
     <span class='ocr_line' id='line_1_4' title="bbox 260 784 1375 865; baseline -0.001 -17"><span class='ocrx_word' id='word_1_33' title='bbox 260 795 358 849; x_wconf 84' lang='lat' dir='ltr'><strong>Sensus</strong></span> <span class='ocrx_word' id='word_1_34' title='bbox 375 789 565 860; x_wconf 73' lang='lat' dir='ltr'><strong>epigrammatis</strong></span> <span class='ocrx_word' id='word_1_35' title='bbox 582 787 605 838; x_wconf 86' lang='lat' dir='ltr'><strong>ia</strong></span> <span class='ocrx_word' id='word_1_36' title='bbox 623 797 676 840; x_wconf 87' lang='lat' dir='ltr'><strong>est:</strong></span> <span class='ocrx_word' id='word_1_37' title='bbox 699 784 784 840; x_wconf 87' lang='lat' dir='ltr'><strong>Vetto</strong></span> <span class='ocrx_word' id='word_1_38' title='bbox 809 787 919 840; x_wconf 83' lang='lat' dir='ltr'><strong>fundum</strong></span> <span class='ocrx_word' id='word_1_39' title='bbox 942 797 1040 840; x_wconf 89' lang='lat' dir='ltr'><strong>tantum</strong></span> <span class='ocrx_word' id='word_1_40' title='bbox 1065 806 1123 844; x_wconf 86' lang='lat' dir='ltr'><strong>esse</strong></span> <span class='ocrx_word' id='word_1_41' title='bbox 1146 791 1224 858; x_wconf 85' lang='lat' dir='ltr'><strong>dicit,</strong></span> <span class='ocrx_word' id='word_1_42' title='bbox 1247 806 1375 865; x_wconf 89' lang='lat' dir='ltr'><strong>quantum</strong></span> 
     </span>
     <span class='ocr_line' id='line_1_5' title="bbox 259 873 1374 953; baseline 0.004 -18"><span class='ocrx_word' id='word_1_43' title='bbox 259 883 376 953; x_wconf 80' lang='lat' dir='ltr'><strong>lapidem</strong></span> <span class='ocrx_word' id='word_1_44' title='bbox 398 878 505 930; x_wconf 87' lang='lat' dir='ltr'><strong>mittere</strong></span> <span class='ocrx_word' id='word_1_45' title='bbox 528 875 608 928; x_wconf 84' lang='lat' dir='ltr'><strong>funda</strong></span> <span class='ocrx_word' id='word_1_46' title='bbox 630 883 718 946; x_wconf 87' lang='lat' dir='ltr'><strong>potest</strong></span> <span class='ocrx_word' id='word_1_47' title='bbox 738 873 832 943; x_wconf 86' lang='lat' dir='ltr'><strong>(Ovid.</strong></span> <span class='ocrx_word' id='word_1_48' title='bbox 849 877 922 928; x_wconf 83' lang='lat' dir='ltr'><strong>Fast.</strong></span> <span class='ocrx_word' id='word_1_49' title='bbox 940 875 993 944; x_wconf 90' lang='lat'>111,</span> <span class='ocrx_word' id='word_1_50' title='bbox 1016 876 1103 946; x_wconf 79' lang='grc'><strong>584.);</strong></span> <span class='ocrx_word' id='word_1_51' title='bbox 1128 882 1209 934; x_wconf 88' lang='grc' dir='ltr'><strong>11ιο6ο</strong></span> <span class='ocrx_word' id='word_1_52' title='bbox 1230 885 1299 953; x_wconf 86' lang='lat' dir='ltr'><strong>lupia</strong></span> <span class='ocrx_word' id='word_1_53' title='bbox 1319 905 1374 939; x_wconf 90' lang='lat' dir='ltr'><strong>non</strong></span> 
     </span>
     <span class='ocr_line' id='line_1_6' title="bbox 259 965 1373 1034; baseline 0.002 -9"><span class='ocrx_word' id='word_1_54' title='bbox 259 971 366 1026; x_wconf 78' lang='lat' dir='ltr'><strong>excidat</strong></span> <span class='ocrx_word' id='word_1_55' title='bbox 383 985 398 1020; x_wconf 89' lang='lat' dir='ltr'><strong>e</strong></span> <span class='ocrx_word' id='word_1_56' title='bbox 416 984 479 1019; x_wconf 87' lang='lat' dir='ltr'><strong>cava</strong></span> <span class='ocrx_word' id='word_1_57' title='bbox 499 965 593 1030; x_wconf 83' lang='lat' dir='ltr'><strong>funda,</strong></span> <span class='ocrx_word' id='word_1_58' title='bbox 617 974 757 1034; x_wconf 75' lang='lat' dir='ltr'><strong>antequam</strong></span> <span class='ocrx_word' id='word_1_59' title='bbox 778 966 860 1019; x_wconf 85' lang='lat' dir='ltr'><strong>fuerit</strong></span> <span class='ocrx_word' id='word_1_60' title='bbox 876 965 982 1026; x_wconf 81' lang='lat' dir='ltr'><strong>missus3</strong></span> <span class='ocrx_word' id='word_1_61' title='bbox 999 971 1064 1017; x_wconf 89' lang='lat' dir='ltr'><strong>tunc</strong></span> <span class='ocrx_word' id='word_1_62' title='bbox 1088 968 1158 1022; x_wconf 89' lang='lat' dir='ltr'><strong>enim</strong></span> <span class='ocrx_word' id='word_1_63' title='bbox 1181 971 1276 1024; x_wconf 83' lang='lat' dir='ltr'><strong>fundus</strong></span> <span class='ocrx_word' id='word_1_64' title='bbox 1299 973 1373 1027; x_wconf 88' lang='lat' dir='ltr'><strong>haud</strong></span> 
     </span>
     <span class='ocr_line' id='line_1_7' title="bbox 258 1051 1370 1128; baseline 0.003 -19"><span class='ocrx_word' id='word_1_65' title='bbox 258 1076 375 1128; x_wconf 77' lang='lat' dir='ltr'><strong>magnam</strong></span> <span class='ocrx_word' id='word_1_66' title='bbox 389 1065 479 1108; x_wconf 85' lang='lat' dir='ltr'><strong>terrae</strong></span> <span class='ocrx_word' id='word_1_67' title='bbox 495 1061 597 1121; x_wconf 86' lang='lat' dir='ltr'><strong>partem</strong></span> <span class='ocrx_word' id='word_1_68' title='bbox 613 1054 769 1108; x_wconf 84' lang='lat' dir='ltr'><strong>contineret.</strong></span> <span class='ocrx_word' id='word_1_69' title='bbox 805 1051 982 1126; x_wconf 72' lang='lat' dir='ltr'><strong>calphurnius</strong></span> <span class='ocrx_word' id='word_1_70' title='bbox 998 1053 1033 1107; x_wconf 86' lang='lat' dir='ltr'><strong>ad</strong></span> <span class='ocrx_word' id='word_1_71' title='bbox 1048 1051 1160 1112; x_wconf 88' lang='lat' dir='ltr'><strong>Terent.</strong></span> <span class='ocrx_word' id='word_1_72' title='bbox 1177 1056 1318 1116; x_wconf 79' lang='lat' dir='ltr'><strong>Heaut.1.</strong></span> <span class='ocrx_word' id='word_1_73' title='bbox 1345 1079 1370 1128; x_wconf 85' lang='grc'><strong>1,</strong></span> 
     </span>
     <span class='ocr_line' id='line_1_8' title="bbox 261 1141 687 1212; baseline -0.012 -11"><span class='ocrx_word' id='word_1_74' title='bbox 261 1145 303 1201; x_wconf 92' lang='grc'><strong>16.</strong></span> <span class='ocrx_word' id='word_1_75' title='bbox 319 1144 392 1202; x_wconf 87' lang='lat' dir='ltr'><strong>idem</strong></span> <span class='ocrx_word' id='word_1_76' title='bbox 408 1144 566 1212; x_wconf 86' lang='lat' dir='ltr'><strong>epigramma</strong></span> <span class='ocrx_word' id='word_1_77' title='bbox 583 1141 687 1196; x_wconf 71' lang='lat' dir='ltr'><strong>efferta</strong></span> 
     </span>
    </p>

    <p class='ocr_par' dir='ltr' id='par_1_2' title="bbox 420 1230 1151 1309">
     <span class='ocr_line' id='line_1_9' title="bbox 420 1230 1151 1309; baseline -0.004 -16"><span class='ocrx_word' id='word_1_78' title='bbox 420 1237 543 1293; x_wconf 70' lang='lat' dir='ltr'><strong>nudam</strong></span> <span class='ocrx_word' id='word_1_79' title='bbox 562 1254 620 1290; x_wconf 79' lang='lat' dir='ltr'><strong>vero</strong></span> <span class='ocrx_word' id='word_1_80' title='bbox 640 1245 727 1305; x_wconf 77' lang='lat' dir='ltr'><strong>vocor,</strong></span> <span class='ocrx_word' id='word_1_81' title='bbox 751 1253 807 1309; x_wconf 83' lang='lat' dir='ltr'><strong>quo</strong></span> <span class='ocrx_word' id='word_1_82' title='bbox 822 1230 908 1306; x_wconf 81' lang='lat' dir='ltr'><strong>possit</strong></span> <span class='ocrx_word' id='word_1_83' title='bbox 929 1233 1029 1288; x_wconf 71' lang='lat' dir='ltr'><strong>mrem</strong></span> <span class='ocrx_word' id='word_1_84' title='bbox 1042 1233 1151 1308; x_wconf 57' lang='grc' dir='ltr'><strong>1611111,Ι</strong></span> 
     </span>
    </p>

    <p class='ocr_par' dir='ltr' id='par_1_3' title="bbox 222 1320 1412 2448">
     <span class='ocr_line' id='line_1_10' title="bbox 421 1320 1074 1396; baseline -0.006 -18"><span class='ocrx_word' id='word_1_85' title='bbox 421 1323 459 1379; x_wconf 82' lang='lat' dir='ltr'><strong>Ni</strong></span> <span class='ocrx_word' id='word_1_86' title='bbox 478 1321 547 1392; x_wconf 83' lang='lat' dir='ltr'><strong>lapis</strong></span> <span class='ocrx_word' id='word_1_87' title='bbox 566 1321 697 1392; x_wconf 57' lang='lat' dir='ltr'><strong>excihrit,</strong></span> <span class='ocrx_word' id='word_1_88' title='bbox 722 1341 777 1396; x_wconf 79' lang='lat' dir='ltr'><strong>qua</strong></span> <span class='ocrx_word' id='word_1_89' title='bbox 796 1339 864 1377; x_wconf 79' lang='lat' dir='ltr'><strong>cavo</strong></span> <span class='ocrx_word' id='word_1_90' title='bbox 877 1320 970 1394; x_wconf 82' lang='lat' dir='ltr'><strong>fundo</strong></span> <span class='ocrx_word' id='word_1_91' title='bbox 988 1329 1074 1393; x_wconf 86' lang='lat' dir='ltr'><strong>patet.</strong></span> 
     </span>
     <span class='ocr_line' id='line_1_11' title="bbox 257 1414 1367 1486; baseline 0.001 -13"><span class='ocrx_word' id='word_1_92' title='bbox 257 1420 299 1476; x_wconf 79' lang='lat' dir='ltr'><strong>Aa</strong></span> <span class='ocrx_word' id='word_1_93' title='bbox 313 1417 403 1474; x_wconf 86' lang='lat' dir='ltr'><strong>neseio</strong></span> <span class='ocrx_word' id='word_1_94' title='bbox 419 1437 451 1471; x_wconf 87' lang='lat' dir='ltr'><strong>an</strong></span> <span class='ocrx_word' id='word_1_95' title='bbox 468 1415 643 1486; x_wconf 81' lang='lat' dir='ltr'><strong>calphurnius</strong></span> <span class='ocrx_word' id='word_1_96' title='bbox 657 1417 785 1486; x_wconf 78' lang='lat' dir='ltr'><strong>integrius</strong></span> <span class='ocrx_word' id='word_1_97' title='bbox 807 1416 837 1470; x_wconf 90' lang='lat' dir='ltr'><strong>id</strong></span> <span class='ocrx_word' id='word_1_98' title='bbox 853 1415 976 1484; x_wconf 68' lang='lat' dir='ltr'><strong>amnt,</strong></span> <span class='ocrx_word' id='word_1_99' title='bbox 997 1414 1080 1468; x_wconf 90' lang='lat' dir='ltr'><strong>modo</strong></span> <span class='ocrx_word' id='word_1_100' title='bbox 1102 1435 1166 1472; x_wconf 78' lang='lat' dir='ltr'><strong>cero</strong></span> <span class='ocrx_word' id='word_1_101' title='bbox 1181 1425 1268 1474; x_wconf 88' lang='lat' dir='ltr'><strong>mutes</strong></span> <span class='ocrx_word' id='word_1_102' title='bbox 1286 1422 1367 1478; x_wconf 82' lang='lat' dir='ltr'><strong>Vetto</strong></span> 
     </span>
     <span class='ocr_line' id='line_1_12' title="bbox 257 1504 1367 1580; baseline 0.001 -17"><span class='ocrx_word' id='word_1_103' title='bbox 257 1512 303 1563; x_wconf 90' lang='lat' dir='ltr'><strong>vel</strong></span> <span class='ocrx_word' id='word_1_104' title='bbox 319 1508 398 1562; x_wconf 88' lang='lat' dir='ltr'><strong>simili</strong></span> <span class='ocrx_word' id='word_1_105' title='bbox 418 1506 532 1560; x_wconf 76' lang='lat' dir='ltr'><strong>nomme.</strong></span> <span class='ocrx_word' id='word_1_106' title='bbox 568 1505 663 1558; x_wconf 88' lang='lat' dir='ltr'><strong>Cicero</strong></span> <span class='ocrx_word' id='word_1_107' title='bbox 687 1506 733 1560; x_wconf 88' lang='lat' dir='ltr'><strong>hic</strong></span> <span class='ocrx_word' id='word_1_108' title='bbox 755 1506 790 1560; x_wconf 85' lang='lat' dir='ltr'><strong>ad</strong></span> <span class='ocrx_word' id='word_1_109' title='bbox 813 1504 999 1576; x_wconf 74' lang='lat' dir='ltr'><strong>etymologiam</strong></span> <span class='ocrx_word' id='word_1_110' title='bbox 1019 1505 1095 1558; x_wconf 89' lang='lat' dir='ltr'><strong>verbi</strong></span> <span class='ocrx_word' id='word_1_111' title='bbox 1111 1504 1223 1577; x_wconf 83' lang='lat' dir='ltr'><strong>fundus</strong></span> <span class='ocrx_word' id='word_1_112' title='bbox 1243 1511 1367 1580; x_wconf 76' lang='lat' dir='ltr'><strong>respicit:</strong></span> 
     </span>
     <span class='ocr_line' id='line_1_13' title="bbox 257 1591 1366 1667; baseline -0.001 -17"><span class='ocrx_word' id='word_1_113' title='bbox 257 1600 318 1667; x_wconf 87' lang='lat' dir='ltr'><strong>quie</strong></span> <span class='ocrx_word' id='word_1_114' title='bbox 333 1605 421 1650; x_wconf 85' lang='lat' dir='ltr'><strong>autem</strong></span> <span class='ocrx_word' id='word_1_115' title='bbox 436 1596 484 1648; x_wconf 91' lang='lat' dir='ltr'><strong>ille</strong></span> <span class='ocrx_word' id='word_1_116' title='bbox 501 1597 550 1660; x_wconf 87' lang='lat' dir='ltr'><strong>sit,</strong></span> <span class='ocrx_word' id='word_1_117' title='bbox 575 1594 620 1664; x_wconf 90' lang='lat' dir='ltr'><strong>qui</strong></span> <span class='ocrx_word' id='word_1_118' title='bbox 631 1591 756 1666; x_wconf 82' lang='lat' dir='ltr'><strong>fundum</strong></span> <span class='ocrx_word' id='word_1_119' title='bbox 771 1613 787 1646; x_wconf 87' lang='lat' dir='ltr'><strong>a</strong></span> <span class='ocrx_word' id='word_1_120' title='bbox 802 1592 900 1663; x_wconf 85' lang='lat' dir='ltr'><strong>fundo</strong></span> <span class='ocrx_word' id='word_1_121' title='bbox 918 1592 1064 1662; x_wconf 78' lang='lat' dir='ltr'><strong>derivavit,</strong></span> <span class='ocrx_word' id='word_1_122' title='bbox 1085 1595 1244 1664; x_wconf 82' lang='lat' dir='ltr'><strong>ignoramus.</strong></span> <span class='ocrx_word' id='word_1_123' title='bbox 1277 1597 1366 1652; x_wconf 84' lang='lat' dir='ltr'><strong>Varro</strong></span> 
     </span>
     <span class='ocr_line' id='line_1_14' title="bbox 256 1680 1367 1756; baseline 0 -18"><span class='ocrx_word' id='word_1_124' title='bbox 256 1696 341 1754; x_wconf 77' lang='lat' dir='ltr'><strong>certe,</strong></span> <span class='ocrx_word' id='word_1_125' title='bbox 366 1685 401 1737; x_wconf 86' lang='lat' dir='ltr'><strong>de</strong></span> <span class='ocrx_word' id='word_1_126' title='bbox 426 1701 479 1753; x_wconf 85' lang='lat' dir='ltr'><strong>qno</strong></span> <span class='ocrx_word' id='word_1_127' title='bbox 505 1684 623 1737; x_wconf 85' lang='lat' dir='ltr'><strong>editores</strong></span> <span class='ocrx_word' id='word_1_128' title='bbox 640 1682 797 1752; x_wconf 82' lang='lat' dir='ltr'><strong>Quintiliani</strong></span> <span class='ocrx_word' id='word_1_129' title='bbox 814 1699 896 1752; x_wconf 87' lang='lat' dir='ltr'><strong>usque</strong></span> <span class='ocrx_word' id='word_1_130' title='bbox 913 1682 946 1735; x_wconf 84' lang='lat' dir='ltr'><strong>ad</strong></span> <span class='ocrx_word' id='word_1_131' title='bbox 963 1680 1151 1752; x_wconf 76' lang='lat' dir='ltr'><strong>Spaldingium,</strong></span> <span class='ocrx_word' id='word_1_132' title='bbox 1178 1687 1224 1756; x_wconf 89' lang='lat' dir='ltr'><strong>qui</strong></span> <span class='ocrx_word' id='word_1_133' title='bbox 1248 1702 1367 1741; x_wconf 80' lang='lat' dir='ltr'><strong>amorem</strong></span> 
     </span>
     <span class='ocr_line' id='line_1_15' title="bbox 257 1770 1366 1842; baseline -0.004 -14"><span class='ocrx_word' id='word_1_134' title='bbox 257 1773 394 1840; x_wconf 71' lang='lat' dir='ltr'><strong>conexit,</strong></span> <span class='ocrx_word' id='word_1_135' title='bbox 420 1774 549 1842; x_wconf 85' lang='lat' dir='ltr'><strong>cogitant,</strong></span> <span class='ocrx_word' id='word_1_136' title='bbox 568 1774 596 1826; x_wconf 88' lang='lat' dir='ltr'><strong>in</strong></span> <span class='ocrx_word' id='word_1_137' title='bbox 614 1789 696 1842; x_wconf 84' lang='lat' dir='ltr'><strong>opere</strong></span> <span class='ocrx_word' id='word_1_138' title='bbox 713 1789 762 1824; x_wconf 89' lang='lat' dir='ltr'><strong>suo</strong></span> <span class='ocrx_word' id='word_1_139' title='bbox 791 1770 826 1823; x_wconf 88' lang='lat' dir='ltr'><strong>de</strong></span> <span class='ocrx_word' id='word_1_140' title='bbox 847 1770 937 1840; x_wconf 79' lang='lat' dir='ltr'><strong>lingua</strong></span> <span class='ocrx_word' id='word_1_141' title='bbox 952 1771 1032 1824; x_wconf 83' lang='lat' dir='ltr'><strong>latina</strong></span> <span class='ocrx_word' id='word_1_142' title='bbox 1050 1773 1117 1826; x_wconf 89' lang='lat' dir='ltr'><strong>nihil</strong></span> <span class='ocrx_word' id='word_1_143' title='bbox 1138 1773 1194 1826; x_wconf 81' lang='lat' dir='ltr'><strong>tale</strong></span> <span class='ocrx_word' id='word_1_144' title='bbox 1217 1773 1310 1839; x_wconf 84' lang='lat' dir='ltr'><strong>hahet,</strong></span> <span class='ocrx_word' id='word_1_145' title='bbox 1333 1783 1366 1825; x_wconf 87' lang='lat' dir='ltr'><strong>ut</strong></span> 
     </span>
     <span class='ocr_line' id='line_1_16' title="bbox 256 1855 1364 1933; baseline -0.001 -19"><span class='ocrx_word' id='word_1_146' title='bbox 256 1855 434 1932; x_wconf 82' lang='lat' dir='ltr'><strong>unusquisque</strong></span> <span class='ocrx_word' id='word_1_147' title='bbox 451 1861 569 1928; x_wconf 81' lang='lat' dir='ltr'><strong>videbit,</strong></span> <span class='ocrx_word' id='word_1_148' title='bbox 602 1860 648 1932; x_wconf 89' lang='lat' dir='ltr'><strong>qni</strong></span> <span class='ocrx_word' id='word_1_149' title='bbox 671 1861 728 1914; x_wconf 88' lang='lat' dir='ltr'><strong>eius</strong></span> <span class='ocrx_word' id='word_1_150' title='bbox 753 1858 837 1912; x_wconf 88' lang='lat' dir='ltr'><strong>verba</strong></span> <span class='ocrx_word' id='word_1_151' title='bbox 854 1877 888 1914; x_wconf 82' lang='lat' dir='ltr'><strong>ex</strong></span> <span class='ocrx_word' id='word_1_152' title='bbox 906 1859 1004 1928; x_wconf 75' lang='lat' dir='ltr'><strong>codd,</strong></span> <span class='ocrx_word' id='word_1_153' title='bbox 1027 1878 1080 1918; x_wconf 88' lang='lat' dir='ltr'><strong>non</strong></span> <span class='ocrx_word' id='word_1_154' title='bbox 1102 1879 1135 1914; x_wconf 81' lang='lat' dir='ltr'><strong>en</strong></span> <span class='ocrx_word' id='word_1_155' title='bbox 1157 1861 1364 1933; x_wconf 82' lang='lat' dir='ltr'><strong>interpolatione</strong></span> 
     </span>
     <span class='ocr_line' id='line_1_17' title="bbox 222 1948 1364 2019; baseline -0.003 -16"><span class='ocrx_word' id='word_1_156' title='bbox 222 2001 227 2018; x_wconf 24' lang='grc' dir='ltr'><strong>Χ</strong></span> <span class='ocrx_word' id='word_1_157' title='bbox 255 1949 430 2003; x_wconf 82' lang='lat' dir='ltr'><strong>recentiorum</strong></span> <span class='ocrx_word' id='word_1_158' title='bbox 450 1951 606 2004; x_wconf 76' lang='lat' dir='ltr'><strong>aestimabit.</strong></span> <span class='ocrx_word' id='word_1_159' title='bbox 640 1949 706 2004; x_wconf 81' lang='lat' dir='ltr'><strong>vid.</strong></span> <span class='ocrx_word' id='word_1_160' title='bbox 727 1966 756 2019; x_wconf 89' lang='lat' dir='ltr'><strong>p.</strong></span> <span class='ocrx_word' id='word_1_161' title='bbox 780 1949 824 2004; x_wconf 82' lang='grc'><strong>68.</strong></span> <span class='ocrx_word' id='word_1_162' title='bbox 847 1948 945 2019; x_wconf 80' lang='lat' dir='ltr'><strong>Speng.</strong></span> <span class='ocrx_word' id='word_1_163' title='bbox 985 1948 1053 2003; x_wconf 86' lang='lat' dir='ltr'><strong>Nam</strong></span> <span class='ocrx_word' id='word_1_164' title='bbox 1070 1948 1174 2003; x_wconf 87' lang='lat' dir='ltr'><strong>Tollius</strong></span> <span class='ocrx_word' id='word_1_165' title='bbox 1195 1950 1224 2002; x_wconf 93' lang='lat' dir='ltr'><strong>in</strong></span> <span class='ocrx_word' id='word_1_166' title='bbox 1244 1948 1364 2002; x_wconf 78' lang='lat' dir='ltr'><strong>Ausonio</strong></span> 
     </span>
     <span class='ocr_line' id='line_1_18' title="bbox 255 2036 1364 2109; baseline -0.004 -18"><span class='ocrx_word' id='word_1_167' title='bbox 255 2057 284 2109; x_wconf 88' lang='lat' dir='ltr'><strong>p.</strong></span> <span class='ocrx_word' id='word_1_168' title='bbox 303 2039 364 2094; x_wconf 97' lang='grc'><strong>148.</strong></span> <span class='ocrx_word' id='word_1_169' title='bbox 381 2037 506 2092; x_wconf 85' lang='lat' dir='ltr'><strong>Varronis</strong></span> <span class='ocrx_word' id='word_1_170' title='bbox 522 2040 610 2093; x_wconf 89' lang='lat' dir='ltr'><strong>locum</strong></span> <span class='ocrx_word' id='word_1_171' title='bbox 625 2037 807 2108; x_wconf 88' lang='lat' dir='ltr'><strong>interpolando</strong></span> <span class='ocrx_word' id='word_1_172' title='bbox 826 2040 956 2108; x_wconf 89' lang='lat' dir='ltr'><strong>corrupit.</strong></span> <span class='ocrx_word' id='word_1_173' title='bbox 991 2038 1088 2092; x_wconf 88' lang='lat' dir='ltr'><strong>Nullus</strong></span> <span class='ocrx_word' id='word_1_174' title='bbox 1109 2056 1190 2109; x_wconf 90' lang='lat' dir='ltr'><strong>porro</strong></span> <span class='ocrx_word' id='word_1_175' title='bbox 1207 2036 1364 2105; x_wconf 85' lang='lat' dir='ltr'><strong>Quintiliani</strong></span> 
     </span>
     <span class='ocr_line' id='line_1_19' title="bbox 237 2123 1412 2196; baseline -0.003 -15"><span class='ocrx_word' id='word_1_176' title='bbox 237 2129 341 2192; x_wconf 50' lang='lat' dir='ltr'><strong>‚codex</strong></span> <span class='ocrx_word' id='word_1_177' title='bbox 360 2144 456 2180; x_wconf 90' lang='lat' dir='ltr'><strong>nomon</strong></span> <span class='ocrx_word' id='word_1_178' title='bbox 477 2126 600 2182; x_wconf 70' lang='lat' dir='ltr'><strong>Venonis</strong></span> <span class='ocrx_word' id='word_1_179' title='bbox 623 2129 758 2196; x_wconf 88' lang='lat' dir='ltr'><strong>continet,</strong></span> <span class='ocrx_word' id='word_1_180' title='bbox 781 2127 829 2180; x_wconf 83' lang='lat' dir='ltr'><strong>aad</strong></span> <span class='ocrx_word' id='word_1_181' title='bbox 853 2145 886 2182; x_wconf 81' lang='lat' dir='ltr'><strong>ex</strong></span> <span class='ocrx_word' id='word_1_182' title='bbox 910 2128 1061 2180; x_wconf 88' lang='lat' dir='ltr'><strong>coniectura</strong></span> <span class='ocrx_word' id='word_1_183' title='bbox 1082 2127 1209 2181; x_wconf 88' lang='lat' dir='ltr'><strong>insertum</strong></span> <span class='ocrx_word' id='word_1_184' title='bbox 1231 2133 1279 2177; x_wconf 79' lang='lat' dir='ltr'><strong>est.</strong></span> <span class='ocrx_word' id='word_1_185' title='bbox 1313 2123 1363 2177; x_wconf 85' lang='lat' dir='ltr'><strong>Pl·</strong></span> <span class='ocrx_word' id='word_1_186' title='bbox 1407 2167 1412 2178; x_wconf 89' lang='lat'><strong>.</strong></span> 
     </span>
     <span class='ocr_line' id='line_1_20' title="bbox 254 2213 1363 2275; baseline -0.009 -5"><span class='ocrx_word' id='word_1_187' title='bbox 254 2217 350 2270; x_wconf 88' lang='lat' dir='ltr'><strong>thoeue</strong></span> <span class='ocrx_word' id='word_1_188' title='bbox 374 2225 402 2269; x_wconf 87' lang='lat' dir='ltr'><strong>et</strong></span> <span class='ocrx_word' id='word_1_189' title='bbox 423 2215 582 2269; x_wconf 86' lang='lat' dir='ltr'><strong>Burmannus</strong></span> <span class='ocrx_word' id='word_1_190' title='bbox 604 2234 663 2269; x_wconf 91' lang='lat' dir='ltr'><strong>cum</strong></span> <span class='ocrx_word' id='word_1_191' title='bbox 691 2217 743 2269; x_wconf 91' lang='lat' dir='ltr'><strong>hoc</strong></span> <span class='ocrx_word' id='word_1_192' title='bbox 767 2216 901 2268; x_wconf 84' lang='lat' dir='ltr'><strong>Ciceronis</strong></span> <span class='ocrx_word' id='word_1_193' title='bbox 927 2217 1041 2268; x_wconf 84' lang='lat' dir='ltr'><strong>disticho</strong></span> <span class='ocrx_word' id='word_1_194' title='bbox 1065 2218 1140 2270; x_wconf 84' lang='lat' dir='ltr'><strong>aliud</strong></span> <span class='ocrx_word' id='word_1_195' title='bbox 1163 2213 1363 2275; x_wconf 85' lang='lat' dir='ltr'><strong>coniunxerunt,</strong></span> 
     </span>
     <span class='ocr_line' id='line_1_21' title="bbox 254 2301 1360 2375; baseline -0.001 -19"><span class='ocrx_word' id='word_1_196' title='bbox 254 2305 328 2373; x_wconf 87' lang='lat' dir='ltr'><strong>quod</strong></span> <span class='ocrx_word' id='word_1_197' title='bbox 348 2302 419 2372; x_wconf 87' lang='lat' dir='ltr'><strong>apud</strong></span> <span class='ocrx_word' id='word_1_198' title='bbox 436 2304 584 2358; x_wconf 84' lang='lat' dir='ltr'><strong>Charisium</strong></span> <span class='ocrx_word' id='word_1_199' title='bbox 607 2324 636 2374; x_wconf 89' lang='lat' dir='ltr'><strong>p.</strong></span> <span class='ocrx_word' id='word_1_200' title='bbox 654 2306 716 2360; x_wconf 76' lang='lat'><strong>246.</strong></span> <span class='ocrx_word' id='word_1_201' title='bbox 743 2315 771 2360; x_wconf 89' lang='lat' dir='ltr'><strong>et</strong></span> <span class='ocrx_word' id='word_1_202' title='bbox 786 2305 945 2358; x_wconf 86' lang='lat' dir='ltr'><strong>Diomedem</strong></span> <span class='ocrx_word' id='word_1_203' title='bbox 961 2323 989 2374; x_wconf 92' lang='lat' dir='ltr'><strong>p.</strong></span> <span class='ocrx_word' id='word_1_204' title='bbox 1008 2305 1069 2373; x_wconf 83' lang='lat'><strong>457.</strong></span> <span class='ocrx_word' id='word_1_205' title='bbox 1086 2305 1198 2375; x_wconf 83' lang='lat' dir='ltr'><strong>legitur,</strong></span> <span class='ocrx_word' id='word_1_206' title='bbox 1219 2303 1291 2356; x_wconf 85' lang='lat' dir='ltr'><strong>nulla</strong></span> <span class='ocrx_word' id='word_1_207' title='bbox 1313 2301 1360 2352; x_wconf 80' lang='lat' dir='ltr'><strong>vel</strong></span> 
     </span>
     <span class='ocr_line' id='line_1_22' title="bbox 255 2375 1228 2448; baseline -0.002 -2"><span class='ocrx_word' id='word_1_208' title='bbox 255 2392 391 2448; x_wconf 79' lang='lat' dir='ltr'><strong>Ciceronis</strong></span> <span class='ocrx_word' id='word_1_209' title='bbox 406 2392 450 2443; x_wconf 87' lang='lat' dir='ltr'><strong>vel</strong></span> <span class='ocrx_word' id='word_1_210' title='bbox 467 2391 572 2443; x_wconf 82' lang='lat' dir='ltr'><strong>dish&#39;chi</strong></span> <span class='ocrx_word' id='word_1_211' title='bbox 589 2391 667 2444; x_wconf 89' lang='lat' dir='ltr'><strong>huius</strong></span> <span class='ocrx_word' id='word_1_212' title='bbox 683 2396 750 2447; x_wconf 83' lang='lat' dir='ltr'><strong>facta</strong></span> <span class='ocrx_word' id='word_1_213' title='bbox 768 2375 911 2446; x_wconf 84' lang='lat' dir='ltr'><strong>mentione.</strong></span> <span class='ocrx_word' id='word_1_214' title='bbox 944 2394 977 2445; x_wconf 96' lang='grc'><strong>16</strong></span> <span class='ocrx_word' id='word_1_215' title='bbox 994 2402 1082 2446; x_wconf 88' lang='lat' dir='ltr'><strong>autem</strong></span> <span class='ocrx_word' id='word_1_216' title='bbox 1098 2393 1155 2446; x_wconf 87' lang='lat' dir='ltr'><strong>tale</strong></span> <span class='ocrx_word' id='word_1_217' title='bbox 1172 2400 1228 2446; x_wconf 85' lang='lat' dir='ltr'><strong>est:</strong></span> 
     </span>
    </p>

    <p class='ocr_par' dir='ltr' id='par_1_4' title="bbox 416 2482 1115 2555">
     <span class='ocr_line' id='line_1_23' title="bbox 416 2482 1115 2555; baseline -0.001 -18"><span class='ocrx_word' id='word_1_218' title='bbox 416 2485 570 2537; x_wconf 72' lang='lat' dir='ltr'><strong>mectom</strong></span> <span class='ocrx_word' id='word_1_219' title='bbox 586 2494 665 2554; x_wconf 88' lang='lat' dir='ltr'><strong>puteo</strong></span> <span class='ocrx_word' id='word_1_220' title='bbox 684 2482 792 2538; x_wconf 81' lang='lat' dir='ltr'><strong>situlam</strong></span> <span class='ocrx_word' id='word_1_221' title='bbox 811 2501 870 2536; x_wconf 89' lang='lat' dir='ltr'><strong>cum</strong></span> <span class='ocrx_word' id='word_1_222' title='bbox 887 2485 964 2555; x_wconf 84' lang='lat' dir='ltr'><strong>ponit</strong></span> <span class='ocrx_word' id='word_1_223' title='bbox 982 2485 1012 2537; x_wconf 82' lang='lat' dir='ltr'><strong>in</strong></span> <span class='ocrx_word' id='word_1_224' title='bbox 1031 2487 1115 2551; x_wconf 68' lang='lat' dir='ltr'><strong>hono,</strong></span> 
     </span>
    </p>

    <p class='ocr_par' dir='ltr' id='par_1_5' title="bbox 435 2567 1030 2640">
     <span class='ocr_line' id='line_1_24' title="bbox 435 2567 1030 2640; baseline 0 -18"><span class='ocrx_word' id='word_1_225' title='bbox 435 2571 437 2578; x_wconf 80' lang='grc'><em>’</em></span> <span class='ocrx_word' id='word_1_226' title='bbox 458 2567 570 2622; x_wconf 84' lang='lat' dir='ltr'><strong>Ulten&#39;us</strong></span> <span class='ocrx_word' id='word_1_227' title='bbox 589 2570 680 2622; x_wconf 80' lang='lat' dir='ltr'><strong>standi</strong></span> <span class='ocrx_word' id='word_1_228' title='bbox 698 2587 751 2622; x_wconf 83' lang='lat' dir='ltr'><strong>non</strong></span> <span class='ocrx_word' id='word_1_229' title='bbox 771 2567 849 2622; x_wconf 80' lang='lat' dir='ltr'><strong>hebet</strong></span> <span class='ocrx_word' id='word_1_230' title='bbox 869 2568 1030 2640; x_wconf 75' lang='lat' dir='ltr'><strong>rpeelocurm</strong></span> 
     </span>
    </p>

    <p class='ocr_par' dir='ltr' id='par_1_6' title="bbox 251 2662 1358 2916">
     <span class='ocr_line' id='line_1_25' title="bbox 252 2662 1358 2734; baseline -0.002 -16"><span class='ocrx_word' id='word_1_231' title='bbox 252 2667 441 2734; x_wconf 73' lang='lat' dir='ltr'><strong>Argumentum</strong></span> <span class='ocrx_word' id='word_1_232' title='bbox 451 2663 479 2716; x_wconf 90' lang='lat' dir='ltr'><strong>in</strong></span> <span class='ocrx_word' id='word_1_233' title='bbox 489 2674 603 2733; x_wconf 87' lang='lat' dir='ltr'><strong>utroque</strong></span> <span class='ocrx_word' id='word_1_234' title='bbox 620 2665 694 2734; x_wconf 87' lang='lat' dir='ltr'><strong>quasi</strong></span> <span class='ocrx_word' id='word_1_235' title='bbox 711 2665 837 2734; x_wconf 85' lang='lat' dir='ltr'><strong>quandam</strong></span> <span class='ocrx_word' id='word_1_236' title='bbox 852 2664 933 2716; x_wconf 86' lang='lat' dir='ltr'><strong>habet</strong></span> <span class='ocrx_word' id='word_1_237' title='bbox 948 2662 1154 2729; x_wconf 85' lang='lat' dir='ltr'><strong>similitudinem,</strong></span> <span class='ocrx_word' id='word_1_238' title='bbox 1169 2679 1259 2732; x_wconf 88' lang='lat' dir='ltr'><strong>neque</strong></span> <span class='ocrx_word' id='word_1_239' title='bbox 1276 2673 1358 2716; x_wconf 78' lang='lat' dir='ltr'><strong>tamen</strong></span> 
     </span>
     <span class='ocr_line' id='line_1_26' title="bbox 252 2749 1355 2823; baseline -0.003 -16"><span class='ocrx_word' id='word_1_240' title='bbox 252 2771 332 2808; x_wconf 83' lang='grc'><strong>11111111</strong></span> <span class='ocrx_word' id='word_1_241' title='bbox 348 2753 504 2822; x_wconf 84' lang='lat' dir='ltr'><strong>epigramma</strong></span> <span class='ocrx_word' id='word_1_242' title='bbox 522 2752 642 2806; x_wconf 88' lang='lat' dir='ltr'><strong>efficiunt.</strong></span> <span class='ocrx_word' id='word_1_243' title='bbox 675 2751 769 2820; x_wconf 85' lang='lat' dir='ltr'><strong>ltaque</strong></span> <span class='ocrx_word' id='word_1_244' title='bbox 787 2751 947 2819; x_wconf 85' lang='lat' dir='ltr'><strong>Piersonus,</strong></span> <span class='ocrx_word' id='word_1_245' title='bbox 977 2769 1053 2823; x_wconf 91' lang='lat' dir='ltr'><strong>quem</strong></span> <span class='ocrx_word' id='word_1_246' title='bbox 1069 2749 1103 2803; x_wconf 93' lang='grc' dir='ltr'><strong>Β.</strong></span> <span class='ocrx_word' id='word_1_247' title='bbox 1122 2751 1151 2803; x_wconf 89' lang='lat' dir='ltr'><strong>in</strong></span> <span class='ocrx_word' id='word_1_248' title='bbox 1167 2751 1242 2807; x_wconf 79' lang='lat' dir='ltr'><strong>Add.</strong></span> <span class='ocrx_word' id='word_1_249' title='bbox 1269 2753 1303 2807; x_wconf 89' lang='grc' dir='ltr'><strong>Τ.</strong></span> <span class='ocrx_word' id='word_1_250' title='bbox 1320 2753 1355 2807; x_wconf 91' lang='grc'><strong>11.</strong></span> 
     </span>
     <span class='ocr_line' id='line_1_27' title="bbox 251 2841 1161 2916; baseline -0.007 -18"><span class='ocrx_word' id='word_1_251' title='bbox 251 2863 280 2916; x_wconf 89' lang='lat' dir='ltr'><strong>p.</strong></span> <span class='ocrx_word' id='word_1_252' title='bbox 298 2841 359 2915; x_wconf 81' lang='lat'><strong>754.</strong></span> <span class='ocrx_word' id='word_1_253' title='bbox 375 2841 461 2910; x_wconf 84' lang='lat' dir='ltr'><strong>affert,</strong></span> <span class='ocrx_word' id='word_1_254' title='bbox 476 2842 505 2895; x_wconf 91' lang='lat' dir='ltr'><strong>in</strong></span> <span class='ocrx_word' id='word_1_255' title='bbox 520 2841 699 2896; x_wconf 89' lang='lat' dir='ltr'><strong>concinnmdis</strong></span> <span class='ocrx_word' id='word_1_256' title='bbox 714 2841 756 2894; x_wconf 88' lang='lat' dir='ltr'><strong>his</strong></span> <span class='ocrx_word' id='word_1_257' title='bbox 773 2842 894 2896; x_wconf 82' lang='lat' dir='ltr'><strong>distichis</strong></span> <span class='ocrx_word' id='word_1_258' title='bbox 911 2860 1018 2914; x_wconf 88' lang='lat' dir='ltr'><strong>operam</strong></span> <span class='ocrx_word' id='word_1_259' title='bbox 1033 2841 1161 2912; x_wconf 83' lang='lat' dir='ltr'><strong>perdidit.</strong></span> 
     </span>
    </p>
   </div>
   <div class='ocr_carea' id='block_1_2' title="bbox 776 2967 837 3049">
    <p class='ocr_par' dir='ltr' id='par_1_7' title="bbox 776 2967 837 3049">
     <span class='ocr_line' id='line_1_28' title="bbox 776 2967 837 3049; baseline -0.18 2"><span class='ocrx_word' id='word_1_260' title='bbox 776 2967 837 3049; x_wconf 83' lang='lat'><strong>66.</strong></span> 
     </span>
    </p>
   </div>
   <div class='ocr_carea' id='block_1_3' title="bbox 244 3090 1356 4410">
    <p class='ocr_par' dir='ltr' id='par_1_8' title="bbox 246 3090 1356 3877">
     <span class='ocr_line' id='line_1_29' title="bbox 317 3090 1356 3165; baseline -0.002 -16"><span class='ocrx_word' id='word_1_261' title='bbox 317 3095 400 3150; x_wconf 79' lang='lat' dir='ltr'><strong>Anth.</strong></span> <span class='ocrx_word' id='word_1_262' title='bbox 424 3090 459 3148; x_wconf 84' lang='lat' dir='ltr'><strong>V.</strong></span> <span class='ocrx_word' id='word_1_263' title='bbox 482 3092 525 3148; x_wconf 88' lang='grc'><strong>41.</strong></span> <span class='ocrx_word' id='word_1_264' title='bbox 559 3093 589 3146; x_wconf 93' lang='lat' dir='ltr'><strong>In</strong></span> <span class='ocrx_word' id='word_1_265' title='bbox 615 3111 663 3146; x_wconf 89' lang='lat' dir='ltr'><strong>ms.</strong></span> <span class='ocrx_word' id='word_1_266' title='bbox 681 3093 852 3162; x_wconf 83' lang='lat' dir='ltr'><strong>Lugdunensi</strong></span> <span class='ocrx_word' id='word_1_267' title='bbox 867 3093 1003 3163; x_wconf 78' lang='lat' dir='ltr'><strong>inscriptio</strong></span> <span class='ocrx_word' id='word_1_268' title='bbox 1022 3101 1073 3145; x_wconf 87' lang='lat' dir='ltr'><strong>est:</strong></span> <span class='ocrx_word' id='word_1_269' title='bbox 1091 3094 1205 3165; x_wconf 83' lang='lat' dir='ltr'><strong>Quincti</strong></span> <span class='ocrx_word' id='word_1_270' title='bbox 1221 3096 1356 3148; x_wconf 78' lang='lat' dir='ltr'><strong>Ciceronis</strong></span> 
     </span>
     <span class='ocr_line' id='line_1_30' title="bbox 249 3162 1355 3256; baseline -0.006 -15"><span class='ocrx_word' id='word_1_271' title='bbox 249 3187 279 3241; x_wconf 82' lang='lat' dir='ltr'><strong>hi</strong></span> <span class='ocrx_word' id='word_1_272' title='bbox 295 3203 389 3240; x_wconf 78' lang='lat' dir='ltr'><strong>cereus</strong></span> <span class='ocrx_word' id='word_1_273' title='bbox 405 3200 436 3236; x_wconf 90' lang='lat' dir='ltr'><strong>eo</strong></span> <span class='ocrx_word' id='word_1_274' title='bbox 448 3185 595 3253; x_wconf 82' lang='lat' dir='ltr'><strong>pertinent,</strong></span> <span class='ocrx_word' id='word_1_275' title='bbox 611 3195 645 3236; x_wconf 88' lang='lat' dir='ltr'><strong>ut</strong></span> <span class='ocrx_word' id='word_1_276' title='bbox 659 3186 732 3253; x_wconf 80' lang='lat' dir='ltr'><strong>quod</strong></span> <span class='ocrx_word' id='word_1_277' title='bbox 747 3186 856 3255; x_wconf 83' lang='lat' dir='ltr'><strong>signum</strong></span> <span class='ocrx_word' id='word_1_278' title='bbox 872 3201 925 3256; x_wconf 77' lang='lat' dir='ltr'><strong>quo</strong></span> <span class='ocrx_word' id='word_1_279' title='bbox 945 3192 1061 3252; x_wconf 84' lang='lat' dir='ltr'><strong>tempore</strong></span> <span class='ocrx_word' id='word_1_280' title='bbox 1077 3182 1193 3237; x_wconf 72' lang='lat' dir='ltr'><strong>inlustre</strong></span> <span class='ocrx_word' id='word_1_281' title='bbox 1208 3183 1254 3247; x_wconf 82' lang='lat' dir='ltr'><strong>sit,</strong></span> <span class='ocrx_word' id='word_1_282' title='bbox 1270 3162 1355 3236; x_wconf 72' lang='lat' dir='ltr'><strong>riore-</strong></span> 
     </span>
     <span class='ocr_line' id='line_1_31' title="bbox 248 3271 1355 3344; baseline -0.004 -16"><span class='ocrx_word' id='word_1_283' title='bbox 248 3277 349 3341; x_wconf 79' lang='lat' dir='ltr'><strong>rimas,</strong></span> <span class='ocrx_word' id='word_1_284' title='bbox 371 3272 444 3344; x_wconf 82' lang='lat' dir='ltr'><strong>quod</strong></span> <span class='ocrx_word' id='word_1_285' title='bbox 458 3275 583 3340; x_wconf 86' lang='lat' dir='ltr'><strong>superius</strong></span> <span class='ocrx_word' id='word_1_286' title='bbox 600 3291 704 3344; x_wconf 83' lang='lat' dir='ltr'><strong>quoque</strong></span> <span class='ocrx_word' id='word_1_287' title='bbox 720 3276 823 3326; x_wconf 82' lang='lat' dir='ltr'><strong>nostris</strong></span> <span class='ocrx_word' id='word_1_288' title='bbox 843 3271 967 3327; x_wconf 75' lang='lat' dir='ltr'><strong>versibus</strong></span> <span class='ocrx_word' id='word_1_289' title='bbox 988 3274 1138 3342; x_wconf 84' lang='lat' dir='ltr'><strong>expeditur.</strong></span> <span class='ocrx_word' id='word_1_290' title='bbox 1174 3273 1285 3338; x_wconf 78' lang='lat' dir='ltr'><strong>Quintus</strong></span> <span class='ocrx_word' id='word_1_291' title='bbox 1302 3272 1355 3324; x_wconf 89' lang='lat' dir='ltr'><strong>Ci-</strong></span> 
     </span>
     <span class='ocr_line' id='line_1_32' title="bbox 249 3359 1355 3432; baseline -0.002 -17"><span class='ocrx_word' id='word_1_292' title='bbox 249 3379 313 3415; x_wconf 87' lang='lat' dir='ltr'><strong>cero</strong></span> <span class='ocrx_word' id='word_1_293' title='bbox 334 3378 390 3413; x_wconf 89' lang='lat' dir='ltr'><strong>eam</strong></span> <span class='ocrx_word' id='word_1_294' title='bbox 410 3359 502 3427; x_wconf 88' lang='lat' dir='ltr'><strong>poesin</strong></span> <span class='ocrx_word' id='word_1_295' title='bbox 523 3361 623 3429; x_wconf 83' lang='lat' dir='ltr'><strong>attigit,</strong></span> <span class='ocrx_word' id='word_1_296' title='bbox 645 3380 721 3432; x_wconf 79' lang='lat' dir='ltr'><strong>quam</strong></span> <span class='ocrx_word' id='word_1_297' title='bbox 744 3361 921 3414; x_wconf 88' lang='lat' dir='ltr'><strong>Romanorum</strong></span> <span class='ocrx_word' id='word_1_298' title='bbox 944 3363 1067 3431; x_wconf 89' lang='lat' dir='ltr'><strong>plerique</strong></span> <span class='ocrx_word' id='word_1_299' title='bbox 1097 3361 1227 3425; x_wconf 80' lang='lat' dir='ltr'><strong>amabant,</strong></span> <span class='ocrx_word' id='word_1_300' title='bbox 1256 3377 1355 3428; x_wconf 85' lang='lat' dir='ltr'><strong>nempe</strong></span> 
     </span>
     <span class='ocr_line' id='line_1_33' title="bbox 248 3430 1354 3521; baseline -0.001 -17"><span class='ocrx_word' id='word_1_301' title='bbox 248 3448 421 3505; x_wconf 83' lang='lat' dir='ltr'><strong>astronomica</strong></span> <span class='ocrx_word' id='word_1_302' title='bbox 442 3449 562 3501; x_wconf 77' lang='lat' dir='ltr'><strong>carmina.</strong></span> <span class='ocrx_word' id='word_1_303' title='bbox 597 3450 651 3502; x_wconf 87' lang='lat' dir='ltr'><strong>Sed</strong></span> <span class='ocrx_word' id='word_1_304' title='bbox 665 3451 701 3506; x_wconf 61' lang='lat' dir='ltr'><strong>‘in</strong></span> <span class='ocrx_word' id='word_1_305' title='bbox 722 3451 817 3504; x_wconf 87' lang='lat' dir='ltr'><strong>ceteris</strong></span> <span class='ocrx_word' id='word_1_306' title='bbox 835 3468 942 3521; x_wconf 87' lang='lat' dir='ltr'><strong>quoque</strong></span> <span class='ocrx_word' id='word_1_307' title='bbox 967 3430 1105 3520; x_wconf 73' lang='lat' dir='ltr'><strong>geiserihus</strong></span> <span class='ocrx_word' id='word_1_308' title='bbox 1121 3451 1202 3504; x_wconf 87' lang='lat' dir='ltr'><strong>mults</strong></span> <span class='ocrx_word' id='word_1_309' title='bbox 1218 3449 1354 3517; x_wconf 72' lang='lat' dir='ltr'><strong>scripsisse</strong></span> 
     </span>
     <span class='ocr_line' id='line_1_34' title="bbox 248 3538 1352 3609; baseline 0 -17"><span class='ocrx_word' id='word_1_310' title='bbox 248 3539 368 3605; x_wconf 84' lang='lat' dir='ltr'><strong>traditur,</strong></span> <span class='ocrx_word' id='word_1_311' title='bbox 385 3548 415 3590; x_wconf 90' lang='lat' dir='ltr'><strong>ut</strong></span> <span class='ocrx_word' id='word_1_312' title='bbox 433 3555 466 3591; x_wconf 85' lang='lat' dir='ltr'><strong>ex</strong></span> <span class='ocrx_word' id='word_1_313' title='bbox 484 3540 594 3608; x_wconf 79' lang='lat' dir='ltr'><strong>epistole</strong></span> <span class='ocrx_word' id='word_1_314' title='bbox 611 3541 650 3593; x_wconf 88' lang='grc' dir='ltr'><strong>Μ.</strong></span> <span class='ocrx_word' id='word_1_315' title='bbox 669 3540 805 3594; x_wconf 88' lang='lat' dir='ltr'><strong>Ciceronis</strong></span> <span class='ocrx_word' id='word_1_316' title='bbox 822 3541 855 3594; x_wconf 88' lang='lat' dir='ltr'><strong>ad</strong></span> <span class='ocrx_word' id='word_1_317' title='bbox 871 3541 977 3592; x_wconf 83' lang='lat' dir='ltr'><strong>fratrem</strong></span> <span class='ocrx_word' id='word_1_318' title='bbox 994 3557 1069 3592; x_wconf 89' lang='lat' dir='ltr'><strong>sunm</strong></span> <span class='ocrx_word' id='word_1_319' title='bbox 1084 3539 1138 3606; x_wconf 85' lang='lat' dir='ltr'><strong>Ill,</strong></span> <span class='ocrx_word' id='word_1_320' title='bbox 1160 3538 1188 3592; x_wconf 85' lang='grc'><strong>6.</strong></span> <span class='ocrx_word' id='word_1_321' title='bbox 1202 3539 1231 3592; x_wconf 86' lang='grc'><strong>6.</strong></span> <span class='ocrx_word' id='word_1_322' title='bbox 1250 3557 1279 3609; x_wconf 83' lang='lat'><strong>9.</strong></span> <span class='ocrx_word' id='word_1_323' title='bbox 1296 3541 1352 3592; x_wconf 90' lang='lat' dir='ltr'><strong>sci-</strong></span> 
     </span>
     <span class='ocr_line' id='line_1_35' title="bbox 247 3627 1352 3700; baseline -0.002 -19"><span class='ocrx_word' id='word_1_324' title='bbox 247 3647 314 3693; x_wconf 86' lang='lat' dir='ltr'><strong>mus,</strong></span> <span class='ocrx_word' id='word_1_325' title='bbox 329 3629 398 3681; x_wconf 92' lang='lat' dir='ltr'><strong>hunc</strong></span> <span class='ocrx_word' id='word_1_326' title='bbox 413 3629 481 3680; x_wconf 84' lang='lat' dir='ltr'><strong>intra</strong></span> <span class='ocrx_word' id='word_1_327' title='bbox 498 3630 615 3682; x_wconf 87' lang='lat' dir='ltr'><strong>sedecim</strong></span> <span class='ocrx_word' id='word_1_328' title='bbox 634 3629 690 3681; x_wconf 89' lang='lat' dir='ltr'><strong>dies</strong></span> <span class='ocrx_word' id='word_1_329' title='bbox 707 3640 817 3699; x_wconf 82' lang='lat' dir='ltr'><strong>quatuor</strong></span> <span class='ocrx_word' id='word_1_330' title='bbox 838 3631 984 3700; x_wconf 80' lang='lat' dir='ltr'><strong>tragoedias</strong></span> <span class='ocrx_word' id='word_1_331' title='bbox 1007 3628 1159 3682; x_wconf 79' lang='lat' dir='ltr'><strong>absolvisse.</strong></span> <span class='ocrx_word' id='word_1_332' title='bbox 1198 3627 1238 3680; x_wconf 90' lang='lat' dir='ltr'><strong>Hi</strong></span> <span class='ocrx_word' id='word_1_333' title='bbox 1252 3645 1352 3695; x_wconf 86' lang='lat' dir='ltr'><strong>versus,</strong></span> 
     </span>
     <span class='ocr_line' id='line_1_36' title="bbox 246 3716 1349 3792; baseline 0 -24"><span class='ocrx_word' id='word_1_334' title='bbox 246 3718 293 3788; x_wconf 88' lang='lat' dir='ltr'><strong>qui</strong></span> <span class='ocrx_word' id='word_1_335' title='bbox 310 3718 480 3784; x_wconf 78' lang='lat' dir='ltr'><strong>fragmentum</strong></span> <span class='ocrx_word' id='word_1_336' title='bbox 504 3719 608 3792; x_wconf 79' lang='lat' dir='ltr'><strong>maioris¹</strong></span> <span class='ocrx_word' id='word_1_337' title='bbox 623 3719 754 3789; x_wconf 87' lang='lat' dir='ltr'><strong>poematis</strong></span> <span class='ocrx_word' id='word_1_338' title='bbox 776 3727 852 3785; x_wconf 92' lang='lat' dir='ltr'><strong>sunt,</strong></span> <span class='ocrx_word' id='word_1_339' title='bbox 877 3721 999 3790; x_wconf 79' lang='lat' dir='ltr'><strong>legrmtnr</strong></span> <span class='ocrx_word' id='word_1_340' title='bbox 1022 3719 1050 3771; x_wconf 93' lang='lat' dir='ltr'><strong>in</strong></span> <span class='ocrx_word' id='word_1_341' title='bbox 1065 3716 1182 3771; x_wconf 79' lang='lat' dir='ltr'><strong>Ausonio</strong></span> <span class='ocrx_word' id='word_1_342' title='bbox 1200 3735 1305 3786; x_wconf 87' lang='lat' dir='ltr'><strong>quoque</strong></span> <span class='ocrx_word' id='word_1_343' title='bbox 1322 3736 1349 3786; x_wconf 90' lang='lat' dir='ltr'><strong>p.</strong></span> 
     </span>
     <span class='ocr_line' id='line_1_37' title="bbox 246 3805 1260 3877; baseline -0.003 -16"><span class='ocrx_word' id='word_1_344' title='bbox 246 3808 308 3862; x_wconf 82' lang='grc'><strong>668.</strong></span> <span class='ocrx_word' id='word_1_345' title='bbox 329 3807 401 3859; x_wconf 90' lang='lat' dir='ltr'><strong>etin</strong></span> <span class='ocrx_word' id='word_1_346' title='bbox 418 3807 523 3860; x_wconf 80' lang='lat' dir='ltr'><strong>Gallica</strong></span> <span class='ocrx_word' id='word_1_347' title='bbox 542 3810 607 3860; x_wconf 88' lang='lat' dir='ltr'><strong>edit.</strong></span> <span class='ocrx_word' id='word_1_348' title='bbox 626 3807 769 3861; x_wconf 87' lang='lat' dir='ltr'><strong>Poetarum</strong></span> <span class='ocrx_word' id='word_1_349' title='bbox 787 3808 835 3860; x_wconf 84' lang='lat' dir='ltr'><strong>lat.</strong></span> <span class='ocrx_word' id='word_1_350' title='bbox 854 3807 1029 3862; x_wconf 86' lang='lat' dir='ltr'><strong>Wernsdorfii</strong></span> <span class='ocrx_word' id='word_1_351' title='bbox 1045 3809 1080 3861; x_wconf 92' lang='lat' dir='ltr'><strong>T.</strong></span> <span class='ocrx_word' id='word_1_352' title='bbox 1098 3806 1134 3860; x_wconf 89' lang='lat' dir='ltr'><strong>V.</strong></span> <span class='ocrx_word' id='word_1_353' title='bbox 1152 3824 1181 3876; x_wconf 91' lang='lat' dir='ltr'><strong>p.</strong></span> <span class='ocrx_word' id='word_1_354' title='bbox 1199 3805 1260 3877; x_wconf 80' lang='lat'><strong>629.</strong></span> 
     </span>
    </p>

    <p class='ocr_par' dir='ltr' id='par_1_9' title="bbox 316 3895 1051 3968">
     <span class='ocr_line' id='line_1_38' title="bbox 316 3895 1051 3968; baseline 0 -20"><span class='ocrx_word' id='word_1_355' title='bbox 316 3913 341 3948; x_wconf 93' lang='grc'><strong>1.</strong></span> <span class='ocrx_word' id='word_1_356' title='bbox 354 3896 485 3968; x_wconf 83' lang='lat' dir='ltr'><strong>flumina]</strong></span> <span class='ocrx_word' id='word_1_357' title='bbox 503 3900 619 3965; x_wconf 66' lang='lat' dir='ltr'><strong>stamina</strong></span> <span class='ocrx_word' id='word_1_358' title='bbox 635 3896 742 3952; x_wconf 78' lang='lat' dir='ltr'><strong>Wakef.</strong></span> <span class='ocrx_word' id='word_1_359' title='bbox 761 3896 793 3948; x_wconf 87' lang='lat' dir='ltr'><strong>ad</strong></span> <span class='ocrx_word' id='word_1_360' title='bbox 809 3896 917 3950; x_wconf 87' lang='lat' dir='ltr'><strong>Lucret.</strong></span> <span class='ocrx_word' id='word_1_361' title='bbox 936 3895 971 3964; x_wconf 85' lang='lat' dir='ltr'><strong>V,</strong></span> <span class='ocrx_word' id='word_1_362' title='bbox 990 3895 1051 3951; x_wconf 91' lang='grc'><strong>816.</strong></span> 
     </span>
    </p>

    <p class='ocr_par' dir='ltr' id='par_1_10' title="bbox 356 3983 1109 4059">
     <span class='ocr_line' id='line_1_39' title="bbox 356 3983 1109 4059; baseline 0.004 -23"><span class='ocrx_word' id='word_1_363' title='bbox 356 3983 466 4037; x_wconf 81' lang='lat' dir='ltr'><strong>obscuro</strong></span> <span class='ocrx_word' id='word_1_364' title='bbox 482 3987 594 4055; x_wconf 86' lang='lat' dir='ltr'><strong>lumine]</strong></span> <span class='ocrx_word' id='word_1_365' title='bbox 613 3988 675 4057; x_wconf 80' lang='lat' dir='ltr'><strong>quin</strong></span> <span class='ocrx_word' id='word_1_366' title='bbox 691 3986 785 4040; x_wconf 88' lang='lat' dir='ltr'><strong>stellae</strong></span> <span class='ocrx_word' id='word_1_367' title='bbox 801 3987 911 4057; x_wconf 87' lang='lat' dir='ltr'><strong>piscium</strong></span> <span class='ocrx_word' id='word_1_368' title='bbox 927 4005 1025 4059; x_wconf 87' lang='lat' dir='ltr'><strong>parvae</strong></span> <span class='ocrx_word' id='word_1_369' title='bbox 1040 3993 1109 4042; x_wconf 83' lang='lat' dir='ltr'><strong>suut.</strong></span> 
     </span>
    </p>

    <p class='ocr_par' dir='ltr' id='par_1_11' title="bbox 244 4072 1350 4234">
     <span class='ocr_line' id='line_1_40' title="bbox 313 4072 1350 4146; baseline 0 -19"><span class='ocrx_word' id='word_1_370' title='bbox 313 4094 339 4132; x_wconf 75' lang='lat' dir='ltr'><strong>a.</strong></span> <span class='ocrx_word' id='word_1_371' title='bbox 357 4073 471 4143; x_wconf 80' lang='lat' dir='ltr'><strong>dieique]</strong></span> <span class='ocrx_word' id='word_1_372' title='bbox 489 4092 537 4126; x_wconf 83' lang='lat' dir='ltr'><strong>ms.</strong></span> <span class='ocrx_word' id='word_1_373' title='bbox 564 4079 630 4133; x_wconf 80' lang='lat' dir='ltr'><strong>conl.</strong></span> <span class='ocrx_word' id='word_1_374' title='bbox 648 4075 804 4130; x_wconf 85' lang='lat' dir='ltr'><strong>Schneider.</strong></span> <span class='ocrx_word' id='word_1_375' title='bbox 825 4076 886 4132; x_wconf 84' lang='lat' dir='ltr'><strong>Lat.</strong></span> <span class='ocrx_word' id='word_1_376' title='bbox 911 4077 962 4130; x_wconf 91' lang='lat' dir='ltr'><strong>Gr.</strong></span> <span class='ocrx_word' id='word_1_377' title='bbox 978 4075 1015 4130; x_wconf 90' lang='lat' dir='ltr'><strong>ll.</strong></span> <span class='ocrx_word' id='word_1_378' title='bbox 1041 4094 1065 4129; x_wconf 94' lang='grc'><strong>1.</strong></span> <span class='ocrx_word' id='word_1_379' title='bbox 1088 4093 1117 4144; x_wconf 89' lang='lat' dir='ltr'><strong>p.</strong></span> <span class='ocrx_word' id='word_1_380' title='bbox 1139 4074 1192 4132; x_wconf 78' lang='grc'><strong>560</strong></span> <span class='ocrx_word' id='word_1_381' title='bbox 1206 4093 1246 4146; x_wconf 86' lang='lat' dir='ltr'><strong>sq.</strong></span> <span class='ocrx_word' id='word_1_382' title='bbox 1272 4072 1350 4144; x_wconf 77' lang='lat' dir='ltr'><strong>Virg.</strong></span> 
     </span>
     <span class='ocr_line' id='line_1_41' title="bbox 244 4151 940 4234; baseline -0.004 -14"><span class='ocrx_word' id='word_1_383' title='bbox 244 4166 312 4220; x_wconf 79' lang='lat' dir='ltr'><strong>hen.</strong></span> <span class='ocrx_word' id='word_1_384' title='bbox 329 4164 351 4232; x_wconf 87' lang='lat'><strong>1,</strong></span> <span class='ocrx_word' id='word_1_385' title='bbox 368 4151 429 4218; x_wconf 83' lang='grc'><strong>666.</strong></span> <span class='ocrx_word' id='word_1_386' title='bbox 449 4163 542 4230; x_wconf 83' lang='lat' dir='ltr'><strong>dieque</strong></span> <span class='ocrx_word' id='word_1_387' title='bbox 558 4159 594 4212; x_wconf 87' lang='grc' dir='ltr'><strong>Η.</strong></span> <span class='ocrx_word' id='word_1_388' title='bbox 613 4163 703 4234; x_wconf 83' lang='lat' dir='ltr'><strong>diique</strong></span> <span class='ocrx_word' id='word_1_389' title='bbox 719 4167 806 4234; x_wconf 83' lang='lat' dir='ltr'><strong>vulgo,</strong></span> <span class='ocrx_word' id='word_1_390' title='bbox 824 4165 940 4220; x_wconf 88' lang='lat' dir='ltr'><strong>Tollius.</strong></span> 
     </span>
    </p>

    <p class='ocr_par' dir='ltr' id='par_1_12' title="bbox 244 4239 1350 4410">
     <span class='ocr_line' id='line_1_42' title="bbox 311 4239 1350 4318; baseline -0.007 -8"><span class='ocrx_word' id='word_1_391' title='bbox 311 4258 338 4311; x_wconf 77' lang='grc'><strong>6.</strong></span> <span class='ocrx_word' id='word_1_392' title='bbox 363 4239 498 4318; x_wconf 72' lang='lat' dir='ltr'><strong>condunt]</strong></span> <span class='ocrx_word' id='word_1_393' title='bbox 520 4248 615 4317; x_wconf 77' lang='lat' dir='ltr'><strong>Scalig.</strong></span> <span class='ocrx_word' id='word_1_394' title='bbox 648 4271 705 4306; x_wconf 87' lang='lat' dir='ltr'><strong>nam</strong></span> <span class='ocrx_word' id='word_1_395' title='bbox 731 4256 855 4310; x_wconf 85' lang='lat' dir='ltr'><strong>conditur</strong></span> <span class='ocrx_word' id='word_1_396' title='bbox 877 4254 946 4309; x_wconf 84' lang='lat' dir='ltr'><strong>aries</strong></span> <span class='ocrx_word' id='word_1_397' title='bbox 976 4255 1100 4310; x_wconf 83' lang='lat' dir='ltr'><strong>veniente</strong></span> <span class='ocrx_word' id='word_1_398' title='bbox 1127 4263 1215 4308; x_wconf 76' lang='lat' dir='ltr'><strong>muro.</strong></span> <span class='ocrx_word' id='word_1_399' title='bbox 1243 4261 1350 4305; x_wconf 80' lang='lat' dir='ltr'><strong>comunt</strong></span> 
     </span>
     <span class='ocr_line' id='line_1_43' title="bbox 244 4343 332 4410; baseline 0 -16"><span class='ocrx_word' id='word_1_400' title='bbox 244 4343 332 4410; x_wconf 81' lang='lat' dir='ltr'><strong>vulgo.</strong></span> 
     </span>
    </p>
   </div>
   <div class='ocr_carea' id='block_1_4' title="bbox 0 0 1502 4828">
    <p class='ocr_par' dir='ltr' id='par_1_13' title="bbox 0 0 1502 4828">
     <span class='ocr_line' id='line_1_44' title="bbox 0 0 1502 4828; baseline 0 6"><span class='ocrx_word' id='word_1_401' title='bbox 0 0 1502 4828; x_wconf 95' lang='lat' dir='ltr'><strong> </strong></span> 
     </span>
    </p>
   </div>
  </div>
 </body>
</html>
