3002 4816
595 221 801 352 „ga-

654 437 739 516 642·

605 551 798 620 Aenean·

231 663 316 728 Cum
335 675 461 753 patrem
482 679 514 732 et
531 667 652 756 patrios
673 663 772 732 ferret
792 663 918 732 cervice
934 679 1071 754 penates,

272 766 380 855 Atque
401 770 479 836 adeo
501 771 637 858 ingentis
658 768 721 836 fata
741 791 881 836 noverea
903 769 1011 854 Asiae,

229 869 457 962 Romanosque
478 877 554 942 deos
580 879 826 967 Europaeosque
846 875 1040 966 triumphos,

273 979 388 1045 Totius
410 994 441 1047 et
461 983 576 1050 mundi
597 982 739 1049 exsuviis
763 979 865 1068 spolia
958 985 961 990 ’

147 1093 168 1155 5
230 1083 317 1150 Tros
340 1083 567 1154 Anchisiades=
594 1099 717 1177 poterat
736 1085 869 1175 periisse
890 1111 948 1175 per
966 1088 1055 1174 ignes

274 1186 439 1258 Aemonie
460 1206 494 1260 ut
513 1193 615 1260 virtus
638 1203 736 1258 tracta
759 1204 828 1256 erat
848 1205 920 1258 aute
940 1195 1022 1260 rotis.

229 1288 276 1356 At
298 1314 372 1358 cum
394 1296 527 1366 flamma
548 1297 657 1364 furens
679 1297 779 1386 tetigit
799 1296 884 1362 senis
909 1321 965 1363 ors
985 1300 1135 1388 parentis,

272 1399 436 1485 Dissiluit,
458 1403 554 1469 nullis
575 1403 674 1469 noxia
697 1402 887 1470 turbinibus.

234 1503 309 1567 Fata
331 1505 421 1593 operi
444 1518 580 1586 restent,
600 1506 700 1595 pietas
721 1507 838 1572 sisela
859 1504 989 1572 favebit.

151 1619 193 1677 10
274 1608 441 1676 Invictum
461 1610 497 1704 in
517 1610 633 1676 mediis
656 1609 785 1698 ignibus
807 1611 995 1700 obsequium
1018 1625 1075 1680 est

666 1781 750 1859 643·

594 1893 650 1962 De
671 1894 818 1961 Glauco.

236 2008 446 2094 squammeus
467 2010 576 2096 anguis
595 2024 677 2092 eret,
698 2009 753 2098 qui
772 2009 914 2077 reddidit
934 2013 1059 2080 aethera
1080 2013 1215 2081 Glauco.

275 2112 345 2200 Qui
364 2113 436 2180 tulit
455 2112 719 2198 Archemorum,
740 2139 945 2204 squammeus
968 2109 1076 2208 anguis
1098 2134 1174 2193 erat.

680 2287 764 2366 644.

601 2405 814 2472 Laocoon.

214 2537 436 2632 *Leucontem
457 2541 581 2629 gemini
601 2541 783 2607 distendunt
802 2539 939 2605 nexibus
961 2564 1090 2632 angues,
1159 2551 1160 2556 ’

280 2645 428 2732 Cumque
447 2647 513 2712 suis
534 2646 647 2735 genitis
675 2669 745 2710 sors
766 2644 859 2709 habet
878 2669 941 2710 una
960 2661 1097 2735 petrem·

239 2747 335 2831 Quod
356 2760 466 2814 tamen
486 2750 578 2838 iligni
599 2749 729 2815 violarit
747 2760 835 2834 terga
857 2750 980 2832 caballi,

278 2852 368 2917 Hinc
387 2855 537 2920 tolerasse
557 2854 667 2922 lerunt
686 2877 780 2920 saeva
802 2877 927 2920 venena
948 2858 1070 2925 virum.

129 3010 132 3014 .
155 2966 177 3027 5
235 2955 323 3040 Quid
345 2979 474 3045 sperare
494 2959 586 3025 datur
605 2983 758 3048 superum
778 2959 846 3024 iam
866 2960 1000 3025 numine'
1020 2963 1115 3048 laeso,

283 3061 369 3126 Cum
387 3061 434 3126 sic
452 3062 548 3128 irasci
566 3063 690 3150 ligneus
712 3064 804 3128 audet
824 3067 945 3148 equus?

658 3236 741 3314 645.

614 3351 670 3420 De
690 3351 821 3420 Ateste.

243 3483 374 3552 Vioerat
393 3486 560 3574 Euganeos
582 3485 789 3553 Henetorum
811 3485 939 3569 ductor,
960 3484 1081 3573 Ateste,

283 3590 345 3656 Cui
364 3615 424 3658 rex
444 3594 595 3660 Antenor
616 3593 767 3661 Dardana
785 3592 846 3659 tela
868 3593 964 3678 dedit,

241 3697 283 3761 Et
302 3695 457 3784 profugus
477 3711 621 3764 nostram
648 3698 799 3766 fundavit
819 3700 986 3766 moenibus
1007 3701 1138 3766 urbem:

283 3803 369 3871 Mox
389 3802 471 3890 obit,
496 3815 526 3871 et
546 3827 704 3896 magnum
724 3828 825 3894 parva
844 3804 990 3894 sepulcra
1010 3818 1126 3895 tegunt.

668 3978 752 4057 646.

633 4092 800 4158 Pallas.

245 4208 336 4294 Quae
361 4204 461 4287 dedit,
488 4208 557 4298 ipsa
580 4208 651 4282 tulit
672 4208 776 4272 virtus
798 4207 940 4275 Pallanta
960 4205 1152 4286 dolendum

184 4345 190 4362 ·
285 4315 397 4380 Prima
418 4315 485 4382 dies
505 4315 593 4382 bello
619 4337 697 4401 quae
719 4314 825 4398 dedit,
847 4313 1016 4408 ipssrtulit.
