2992 4826
817 47 823 86 l

491 603 494 610 ’
573 577 609 646 C·
631 474 1015 650 Pedonididlbinovani

416 685 437 708 '¹
511 683 546 735 de
561 685 724 752 navigatione
742 685 903 743 Germanici,
921 673 1003 740 Urusi
1018 686 1074 753 filii,
1170 692 1191 710 '¹
1228 672 1244 706 ’“

565 769 615 822 per
626 756 759 811 Oceanum
774 754 1023 820 septentrionalem..
1055 807 1058 818 ,

327 838 397 903 Iam
417 837 547 927 pridem
572 855 643 930 post
662 855 749 929 terga
771 841 859 906 diem
878 843 1043 930 solemque
1063 843 1220 929 relictum,

215 1035 217 1042 .
327 944 549 1032 Iampridem
570 946 653 1012 notis
673 959 819 1012 extorres
841 944 956 1012 finibus
978 949 1065 1012 orbis

202 1061 206 1078 ⁴
324 1050 389 1116 Per
406 1072 475 1115 non
499 1073 661 1116 concessas
682 1053 811 1118 audaces
832 1051 882 1116 ire
901 1053 1057 1138 tenebras,
1117 1120 1122 1126 ,

325 1156 478 1246 Hesperii
497 1169 596 1221 metas
617 1169 822 1244 extremaque
842 1160 937 1223 litora
957 1159 1082 1242 mundi,

239 1274 263 1338 5
325 1261 425 1328 Nunc
443 1261 556 1344 illum,
577 1261 678 1351 pigris
699 1261 842 1326 inmania
862 1275 1007 1328 monstra
1027 1265 1084 1329 sub
1106 1265 1199 1332 undis

326 1366 393 1454 Qui
414 1367 511 1452 ferat,
533 1368 717 1450 Oceanum,
742 1366 798 1454 qui
817 1389 926 1446 saevas
950 1368 1092 1455 undique
1110 1369 1218 1456 pristis

325 1471 577 1562 Aequoreosque
597 1495 706 1554 canes,
736 1471 855 1537 ratibus
878 1495 1069 1560 consurgere
1089 1473 1225 1562 prensis.

326 1576 520 1644 Accumuln
539 1577 648 1664 fragor
669 1575 738 1666 ipse
758 1589 874 1646 melus.
892 1629 895 1636 ,
914 1579 986 1644 Iam
1005 1578 1109 1644 sidere
1129 1579 1211 1644 limo

328 1683 488 1770 Navigia,
509 1697 541 1749 et
557 1681 670 1771 rapido
692 1681 850 1748 desertam
870 1681 1003 1750 flamine
1023 1685 1166 1768 classem,

245 1801 287 1862 10
330 1789 433 1876 Seque
454 1786 531 1853 feris
553 1787 684 1852 credunt
704 1809 763 1873 per
782 1787 898 1852 inertia
917 1785 981 1853 fata
1000 1787 1136 1856 marinis
1254 1800 1260 1810 '

326 1894 399 1959 Iam
419 1916 487 1958 non
507 1890 594 1956 felici
613 1889 784 1979 laniandos¹
801 1904 888 1956 sorte
908 1893 1057 1980 relinqui.

330 1997 439 2085 Atque
462 1997 575 2085 aliquis
596 2019 694 2086 prora
715 1987 832 2084 spectat
851 1995 997 2062 sublimis
1018 1995 1057 2060 ab
1078 1997 1149 2080 alla,

331 2101 422 2170 A'e'ra
441 2102 577 2193 pugnaci
597 2103 728 2166 luctatus
749 2122 903 2188 rumpere
923 2100 1007 2166 nisu.

330 2209 377 2275 Ut
391 2209 474 2274 nihil
495 2220 603 2298 erepto
617 2201 725 2272 ¹valuit
747 2203 933 2290 diguuscere
954 2205 1088 2290 mundo,

247 2325 290 2390 15
332 2314 504 2381 Obstructo
524 2315 600 2380 tales
621 2312 733 2378 effudit
752 2321 881 2399 pectore
902 2333 1029 2384 voces:¹

333 2418 408 2510 Quo
429 2403 589 2486 ferimur?
630 2418 708 2483 Ruit
728 2417 797 2504 ipse
818 2413 902 2498 dies,
926 2417 1102 2504 orbemque
1122 2415 1271 2482 relictum

331 2526 456 2592 Ultima
476 2525 638 2616 perpetuis
658 2521 775 2588 claudit
794 2531 906 2606 natura
924 2520 1075 2588 tenebris.

333 2630 433 2700 Anne
453 2635 518 2699 alio
539 2633 655 2722 positas
676 2629 760 2694 ultra
779 2623 838 2692 sub
860 2625 997 2694 cardine
1006 2633 1131 2712 gentes'
1230 2683 1234 2700 ,

332 2736 439 2825 Atque
461 2741 560 2806 alium
579 2738 671 2804 libris
693 2735 845 2798 intactum
867 2731 1064 2818 quaerimus
1062 2728 1212 2796 orbem'?
1319 2821 1320 2826 η

248 2856 291 2922 20
332 2843 380 2910 Di
399 2855 566 2924 revocant,
594 2861 769 2926 rerumque
789 2848 897 2902 velant
918 2858 1110 2922 cognoscere
1131 2835 1232 2900 linem

333 2948 486 3016 Mornales
507 2947 625 3012 oeulos.
669 2944 791 3030 Aliena
810 2941 887 3029 quid
908 2959 1044 3027 aequora
1063 2941 1166 3006 remis
1207 2999 1208 3006 ,

331 3056 376 3122 Et
396 3076 499 3119 sacras
520 3053 681 3117 violamus
703 3072 796 3137 aquas
818 3047 1007 3135 Divumqne
1029 3049 1146 3135 quietas
1253 3099 1254 3106 .
1314 3081 1316 3086 v

333 3158 518 3227 Turbamus
538 3155 649 3226 sedes?

658 3361 812 3430 Domitii
833 3361 950 3427 Marsi
957 3379 960 3386 ’

600 3441 766 3519 epitaphium
790 3443 864 3498 Albii
885 3442 999 3497 Tibulli.

334 3548 387 3612 Te
406 3570 531 3635 quoque
546 3546 694 3633 Virgilio
716 3544 870 3610 comitem
890 3565 958 3608 non
979 3563 1092 3628 aequa,
1115 3539 1262 3624 Tibulle*
1307 3566 1312 3592 ι

377 3654 470 3718 Mors
490 3653 643 3717 iuvenem
665 3674 796 3742 campos
817 3648 908 3713 misit
926 3648 961 3718 in
984 3645 1127 3734 Elysios,

335 3757 390 3826 Ne
409 3756 510 3838 foret,
539 3769 590 3823 aut
610 3757 711 3843 elegis*
726 3755 842 3821 molles
864 3753 918 3840 qui
939 3753 1031 3820 fleret
1050 3759 1187 3836 amores,

377 3863 447 3931 Aut
467 3875 592 3930 caneret
612 3859 690 3929 forti
708 3861 798 3950 regia
816 3859 900 3924 bella
921 3859 1012 3948 pede.
1119 3891 1121 3898 v
1239 3878 1242 3888 ’

758 3983 842 4054 123·

664 4088 817 4158 Domitii
839 4087 956 4155 Marsi
1070 4087 1073 4094 ’

620 4176 648 4227 in
670 4175 780 4228 Bavium
804 4181 832 4226 et
853 4173 994 4225 Maenium.

340 4267 463 4334 Omnia
483 4285 559 4330 cum
580 4263 682 4328 Bavio
704 4259 891 4355 communia
911 4257 1009 4324 stater
1030 4256 1171 4342 habebat,

269 4420 273 4431 ·
380 4373 538 4440 Unanimi
560 4365 673 4436 fratres
698 4369 777 4434 sicut
796 4365 914 4432 habere
933 4365 1046 4454 solent,
