2992 4826
784 281 833 352 82

707 365 910 384 ...ι-ιι..-

267 455 270 461 ¹
339 471 470 564 Repulit
490 479 521 534 et
540 490 666 558 sparqos
687 465 829 535 fraterna
849 467 943 534 caede
963 482 1101 559 penates.

258 597 300 658 10
342 578 430 665 Quid
452 576 563 661 Syrtes
584 581 636 637 aut
657 575 768 662 Scylla
786 575 882 656 mihi,
903 575 979 662 quid
997 587 1088 642 vasta
1111 576 1305 663 Charybdis

340 679 519 761 Profirerit,
540 678 727 766 mediosque
747 678 858 767 fugam
877 681 1013 746 tenuisse
1032 705 1091 770 per
1108 681 1223 761 hostes,

338 785 478 876 Inprobe
499 807 609 868 amor,
630 785 707 872 quid
728 809 795 851 non
815 786 967 852 mortalia
986 797 1118 872 pectora
1137 785 1247 872 cogis?

338 894 425 958 Iussa
445 890 547 956 aliena
566 889 650 979 pati,
673 890 854 979 iterumque
878 892 1049 958 revolvere
1070 912 1167 970 casus,

338 999 391 1064 Ire
412 996 530 1062 iterum
549 992 586 1060 in
606 994 766 1062 lacrimas.
808 995 872 1061 Sed
891 997 988 1062 nullis
1009 997 1065 1062 ille
1086 1006 1235 1062 movetur

246 1093 300 1180 ¹15
342 1101 501 1185 Fletibus,
520 1097 662 1166 infixum
683 1099 792 1166 stridet
809 1101 866 1166 sub
887 1114 1015 1190 pectore
1033 1102 1159 1167 vulnus.

279 1209 283 1218 '
340 1207 507 1276 Extinctus
529 1204 634 1292 pudor
655 1216 746 1291 atque
766 1205 889 1270 inmitis
909 1220 1002 1295 rupta
1023 1207 1155 1294 tyranni
1255 1239 1257 1244 ·

341 1309 484 1381 Foedera
505 1322 535 1378 et
558 1309 672 1374 oblitus
694 1307 799 1374 famae
819 1309 963 1378 melioris
988 1313 1121 1378 amantis

288 1431 291 1436 “
342 1417 512 1504 Oblitusue
535 1413 586 1480 sni
607 1423 671 1496 est,
691 1413 844 1480 lacrimae
864 1415 1043 1482 volvuntur
1062 1417 1182 1483 inanes.

342 1523 511 1607 Nusquam
530 1531 596 1586 tuta
616 1516 711 1600 fides,
737 1541 821 1585 vana
840 1543 897 1610 spe
918 1521 993 1586 lusit
1013 1534 1174 1586 amantem

259 1641 302 1706 20
344 1624 501 1694 Crudelis.
538 1622 645 1709 Quid,
665 1621 694 1688 si
714 1647 782 1689 non
803 1648 881 1691 arva
902 1626 1004 1692 aliena
1025 1627 1202 1714 domosque

341 1733 468 1820 Ignotas
490 1737 623 1818 peteret,
645 1728 914 1816 prosvirginitate
933 1732 1083 1821 reponit?

342 1842 418 1906 Heu
435 1833 552 1925 pictas,
571 1828 634 1896 heu
654 1832 760 1920 prisea
780 1833 876 1900 fides!
897 1836 1022 1925 captiva
1041 1837 1160 1904 videbo

129 1929 133 1936 ¹
189 1967 197 1982 ,
301 1991 305 1999 .
344 1941 503 2030 Reginam
522 1936 662 2003 thalamo
682 1953 880 2008 cunctantem
901 1955 1050 2030 ostroque
1070 1941 1217 2030 superbo.

343 2045 440 2143 Haud
460 2043 580 2136 inpune
601 2042 749 2130 quidem,
775 2046 803 2112 si
824 2046 900 2133 quid
921 2070 996 2114 mea
1016 2047 1159 2116 carmina
1179 2052 1325 2137 possunt!

612 2206 739 2278 Chorus
760 2211 1012 2284 Colchidarum.

527 2357 651 2426 Rerum
679 2357 730 2422 cui
748 2379 876 2425 summa
895 2372 1040 2449 potestas,

526 2463 677 2532 Precibus
698 2461 726 2526 si
747 2463 885 2530 flecteris
905 2464 990 2546 ullis,

528 2571 571 2637 Et
594 2570 623 2636 si
641 2569 757 2660 pietate
779 2593 956 2655 meremur,

528 2675 650 2742 Nostro
673 2698 824 2740 succurre
845 2677 968 2761 labori3

529 2783 570 2847 Et
590 2793 638 2866 tu,
660 2779 806 2846 Satumia
826 2781 918 2864 Iuno,
976 2867 978 2874 Ι
1024 2819 1026 2826 1

530 2888 591 2956 Cui
614 2887 722 2953 vincla
742 2886 856 2973 iugalia
877 2909 980 2969 etuas,

533 2993 644 3060 Oculis
665 2993 742 3058 haec
759 2990 893 3077 adspicis
913 2991 1039 3079 aequis?

527 3099 712 3164 Nemorum
733 3099 870 3166 Latonia
890 3111 1002 3183 custos,

528 3202 654 3269 Triviis
678 3203 792 3268 ululata
813 3225 871 3291 per
891 3202 985 3269 rubes

529 3309 584 3374 sic
604 3333 664 3374 nos
684 3306 719 3370 in
739 3319 862 3394 sceptra
881 3310 1033 3396 reponis?

529 3413 637 3500 Quid,
658 3437 678 3478 o
700 3411 1065 3500 pulcherrime-coniux,

529 3518 662 3584 Potuisti
682 3516 828 3604 linquere
847 3517 960 3601 solam,

530 3623 592 3689 Per
612 3633 658 3689 tot
681 3620 869 3697 dunimius
886 3645 998 3691 rerum

528 3714 757 3815 Nequidquam
777 3739 883 3812 erupto
905 3729 1055 3812 periclis?
1078 3743 1080 3755 “
1122 3742 1132 3765 ·

449 3886 452 3902 .
530 3831 641 3898 Manet
660 3832 721 3897 alta
741 3845 1041 3922 menumquam,

453 3955 457 3962 “
532 3936 641 4024 Quam
663 3933 739 4004 forti
759 3949 938 4026 pectore-:0¹
956 3940 1057 4006 muris

531 4043 715 4132 Mediaque
737 4066 779 4112 aa
799 4043 1040 4136 hostareoepie

454 4167 474 4196 ³
533 4147 694 4232 Quaesitus
713 4151 983 4246 sanguquotes·
1140 4203 1144 4210 .
1205 4187 1208 4194 =

531 4252 642 4336 Felix,
665 4255 728 4332 heu
747 4253 997 4339 nimium-:felin
1098 4295 1100 4304 ι

529 4355 706 4431 Dumtata
725 4360 862 4450 deinque
881 4362 1040 4432 sinebant!
