2944 4836
776 254 847 324 112

262 445 347 499 otium
363 453 392 495 ts
409 438 516 496 allicere
532 448 655 510 possunt3
671 437 771 492 iurabit
788 439 864 506 eum,
882 437 944 493 dun
959 437 1063 496 invenie
1073 453 1113 510 ss,
1129 437 1265 504 uberim
1281 459 1383 499 vacare

263 532 437 602 reipublicae.

773 647 859 734 268·

222 853 225 865 ,
331 772 413 835 Edldl
438 801 471 837 er
488 777 634 854 Symmachi
656 773 743 849 Epist.
768 777 834 834 hh.
857 776 981 833 warner.
1007 777 1043 833 Τ.
1060 769 1110 834 [V.
1127 797 1154 852 p.
1170 781 1231 838 551.
1250 783 1317 838 coll.
1338 785 1383 838 T.

262 867 285 924 l.
305 887 333 940 p.
350 869 411 942 176.

331 979 357 1014 1.
375 956 479 1027 Gauri]
502 955 596 1010 Heius.
613 955 646 1008 ed
663 954 745 1010 Ouid.
763 954 831 1006 Met.
850 949 888 1006 X.
913 956 973 1008 558.
1000 965 1031 1007 et
1046 956 1081 1009 cd
1095 957 1194 1014 Silium
1209 960 1285 1016 XIV.
1309 961 1384 1032 ⁴⁰9·

261 1059 361 1120 guttur
378 1067 439 1100 mss.
465 1048 522 1100 vite
542 1046 654 1098 luretus.
677 1071 714 1082 -
736 1041 818 1094 Gauri
841 1043 936 1096 montis
953 1061 1050 1098 summe
1071 1049 1240 1101 concinens
1263 1051 1382 1117 vinetis,

263 1133 379 1186 medinm
394 1135 493 1186 inmane
510 1134 597 1200 ignitis
613 1133 761 1200 vaporibus,
777 1131 828 1184 ime
843 1132 909 1184 cllui
927 1131 992 1190 dicit
1008 1134 1037 1188 h.
1053 1137 1154 1190 e.·sinu
1170 1136 1277 1204 Baiano,
1293 1155 1383 1206 quem

263 1222 335 1276 iuter
351 1231 379 1274 et
397 1221 514 1274 Gaurum
530 1232 643 1274 mentem
660 1221 730 1275 lacus
747 1220 885 1272 lucerinus.
904 1218 1029 1273 Wcrnsd.
1047 1222 1081 1274 Τ.
1098 1223 1121 1276 Ι.
1138 1243 1165 1292 p.
1183 1243 1242 1298 177.
1280 1279 1284 1289 ,

327 1311 354 1364 4.
372 1311 462 1362 media
478 1309 609 1380 incoquit]
625 1310 661 1362 Η.
681 1307 905 1380 mediumccqut't
920 1328 970 1362 ms.
987 1305 1114 1380 Scioppii.
1132 1312 1266 1382 Iuratus-3.
1303 1372 1307 1381 Ι

329 1398 356 1452 5.
374 1398 442 1466 ima]
460 1399 515 1449 iam
533 1397 577 1449 ed.
596 1398 671 1452 1555.

329 1485 357 1538 5.
378 1485 482 1554 Thetis]
501 1484 600 1538 duabus
623 1485 763 1554 brevibus,
786 1495 815 1538 ut
830 1486 917 1540 colent
938 1497 1044 1557 postne.
1078 1489 1180 1556 Tethys
1192 1489 1322 1547 werne.
1339 1490 1381 1552 Τ..

261 1574 311 1636 IV.
330 1592 359 1644 p.
377 1573 446 1640 553„
464 1591 565 1642 errore,
583 1575 643 1643 quie
659 1574 689 1628 id
704 1592 799 1628 nomen
816 1576 926 1644 primam
942 1577 1042 1643 longam
1057 1569 1147 1628 habet.

380 1659 480 1734 vagae]
502 1662 540 1719 H.
564 1664 653 1716 Baiae
683 1663 728 1718 rel
748 1664 824 1718 Baia
847 1663 909 1718 edd.
942 1659 1052 1718 Sorores
1078 1665 1204 1720 Thetidis
1226 1675 1289 1720 suut
1314 1667 1382 1720 No-

264 1753 360 1810 reihe..
982 1805 984 1810 ,
1245 1782 1247 1790 ·

331 1856 358 1910 9.
374 1841 555 1896 Amal-turra.
570 1835 706 1910 renidens]
722 1840 743 1895 i.
760 1859 786 1894 e.
802 1839 893 1898 venne
909 1843 1034 1906 renidens
1051 1842 1094 1896 vel
1109 1842 1208 1892 ridens.
1223 1841 1260 1894 H.
1278 1844 1381 1896 Ama-

263 1932 385 1986 thusium
407 1949 457 1982 ms.
479 1929 572 1984 lureti.
594 1931 791 1986 Amathusium
814 1930 858 1984 ed.
888 1930 962 1986 1555.
999 1930 1195 1996 Amathusiae,
1221 1933 1284 1983 affin
1307 1933 1381 1984 alibi

262 2040 314 2076 non
330 2018 443 2087 legiturs
458 2033 485 2070 v.
503 2017 587 2087 intpp.
606 2020 638 2072 ad
656 2019 736 2072 ovid.
753 2019 822 2074 Met.
847 2019 963 2088 Χ.117.
986 2045 1021 2056 —
1043 2015 1134 2070 Venus
1156 2018 1191 2070 nd
1213 2019 1298 2072 lacum
1314 2019 1381 2074 Lu-

263 2111 361 2162 crinum
389 2108 490 2176 templo
518 2107 670 2175 colebatur,
699 2106 769 2160 uude
792 2109 915 2162 Lucrina
946 2109 1037 2164 Venus
1066 2125 1111 2175 up.
1137 2106 1205 2161 stat.
1235 2107 1303 2164 silv.
1323 2109 1378 2164 111.

265 2215 288 2265 1,
307 2199 366 2252 148.
1299 2247 1302 2256 .

334 2303 375 2341 ιο.
393 2295 421 2336 ct
437 2279 558 2356 vaporis]
576 2275 674 2351 Vcnne
691 2301 759 2353 quae
775 2280 807 2336 ad
823 2283 910 2336 lacum
927 2281 1071 2336 Lucrinum
1088 2283 1252 2350 adorabatur,
1268 2302 1379 2353 praeses

263 2383 321 2428 erut
336 2373 414 2428 huius
430 2373 552 2438 regionis.
587 2373 665 2426 Sinus
680 2371 811 2426 Lucrinus
827 2393 856 2426 cc
878 2391 954 2424 mons
971 2373 1120 2438 Vulcanus,
1146 2373 1175 2426 iu
1198 2373 1271 2424 cuius
1286 2389 1378 2443 vapo-

262 2463 377 2518 rantibus
394 2460 511 2514 cavernis
528 2459 620 2512 balnea
637 2461 721 2524 celidri
736 2461 865 2527 latebant,
889 2460 918 2514 in
935 2462 992 2512 eins
1010 2462 1095 2512 tutela
1118 2463 1203 2514 suere.
1228 2486 1264 2501 -
1285 2474 1314 2514 et
1330 2463 1377 2514 le-

259 2549 337 2626 poris
353 2547 390 2604 H.
408 2559 436 2600 et
451 2551 558 2618 saporis
578 2547 669 2602 Burm.
692 2548 726 2600 ad
743 2543 851 2603 Petron.
875 2567 930 2600 cur.
957 2551 1065 2602 secund.
1091 2568 1116 2602 c.
1134 2552 1160 2604 5.
1185 2549 1217 2602 Β.
1234 2551 1268 2602 nd
1283 2551 1377 2603 Anu..

262 2641 299 2698 ll.
318 2638 376 2696 144.
395 2636 430 2692 Τ.
446 2635 468 2689 Ι.
485 2653 513 2705 p.
531 2636 592 2705 517.
608 2629 769 2706 inprobante,
782 2635 910 2692 Wernsd.
928 2635 963 2690 Τ.
981 2638 1029 2694 IV.
1047 2640 1067 2691 l.
1084 2641 1105 2692 l.

776 2800 860 2888 269·

330 2943 413 3000 heth.
436 2936 472 2996 ΙΙ.
498 2942 556 2997 145.
598 2938 722 3014 Quinque
748 2941 889 3012 sequentis
913 2944 1095 3012 epigrammata
1116 2940 1184 3014 putri
1210 2940 1246 3011 Q.
1268 2939 1379 2995 Aurelii

263 3033 410 3108 Symmachi
433 3031 543 3082 oratoris
567 3030 736 3100 tribuuntur,
762 3033 808 3102 qui
829 3035 857 3086 in
881 3034 959 3101 epist.
979 3034 1013 3084 ad
1029 3027 1111 3084 filium
1133 3029 1199 3082 l.2.
1223 3023 1328 3083 scribit:
1358 3052 1379 3084 a

261 3123 338 3179 achis
348 3140 453 3194 quoque
466 3123 558 3189 accipe
569 3119 700 3172 honorum
715 3123 818 3174 aeratis
828 3141 902 3174 meac
919 3125 1036 3173 exarata
1050 3138 1135 3190 nuper
1145 3119 1245 3190 elogia.
1263 3143 1305 3158 ¹-—
1321 3113 1379 3170 Sed

262 3232 331 3286 quae
340 3213 434 3282 prima
446 3212 575 3280 compegi,
588 3211 698 3262 interim
710 3229 802 3280 pauca
813 3213 876 3264 misi
883 3249 891 3275 ,
911 3211 1062 3262 obtestatus
1081 3219 1107 3260 rc
1119 3226 1171 3276 per
1182 3209 1275 3273 deum,
1290 3218 1337 3272 ur,
1351 3208 1377 3258 si

260 3301 329 3372 quid
344 3302 374 3351 in
391 3301 434 3350 uis
452 3297 617 3367 displicebit,
639 3294 771 3352 emendes.
788 3299 822 3351 L.
841 3292 965 3353 Aurelius
981 3291 1094 3348 livianus
1112 3290 1282 3366 Symmachus
1300 3305 1378 3364 pater

260 3389 408 3458 praefectus
424 3386 483 3436 urbi
502 3385 551 3437 suit
567 3405 591 3437 a.
610 3403 638 3436 u.
655 3385 717 3438 554.
752 3387 795 3440 De
813 3407 847 3440 eo
864 3406 890 3440 v.
909 3386 1032 3441 Valesius
1050 3386 1084 3437 ad
1100 3386 1229 3438 Ammian.
1248 3381 1375 3438 Marcell.

260 3475 341 3530 XXI.
362 3490 403 3524 11.
434 3469 587 3526 Inscribitnr
604 3474 703 3526 Arndic
720 3475 827 3542 Rufino,
844 3477 889 3546 qui
905 3477 1051 3544 praefectus
1068 3473 1128 3526 urbi
1145 3474 1204 3524 fnit.
1243 3469 1320 3524 Idem
1339 3474 1375 3540 Q.

260 3563 378 3620 Aradius
399 3562 510 3616 Rufinus
535 3564 657 3618 Valerius
679 3563 808 3617 Proculus
827 3565 854 3616 in
876 3565 994 3632 inscript.
1013 3582 1056 3631 up.
1077 3563 1183 3624 Burm.‚
1207 3561 1241 3636 Q.
1257 3557 1378 3613 Arndins

261 3653 384 3710 Valerius
401 3653 529 3705 Proculus
545 3653 573 3704 in
589 3641 707 3720 inscript.
725 3671 767 3720 ep.
787 3653 917 3706 Orellium
934 3652 969 3706 N.
989 3667 1064 3718 ¹079·
1081 3660 1198 3703 vocatur.

328 3759 354 3796 1.
369 3758 516 3811 prospera,
535 3734 641 3810 cuique]
666 3743 687 3792 i.
705 3759 731 3794 e.
750 3738 795 3812 qui
812 3741 839 3792 in
855 3742 959 3792 lbrtuua
976 3745 1053 3808 alque
1076 3740 1105 3791 iu
1122 3737 1265 3790 infortunio
1284 3751 1378 3805 parem

260 3829 310 3884 sibi
327 3830 439 3897 glorium
455 3830 531 3882 factis
548 3830 712 3898 comparavit.
732 3831 779 3882 cui
790 3843 925 3900 prospera
947 3839 1079 3900 quaeque.
1105 3829 1210 3881 Tristia
1231 3823 1378 3882 Schrader.

260 3917 332 3981 Alide
350 3917 385 3968 Τ.
403 3916 439 3968 ῙῙ.
457 3931 485 3984 p.
506 3920 567 3986 724.

326 4007 354 4061 5.
373 4005 478 4072 tristia]
498 4008 643 4060 iristitiam
661 4008 774 4061 humidis
790 4005 929 4076 aequabat
941 4005 1035 4077 gloria
1052 4004 1129 4058 rebar
1145 4005 1189 4057 etl.
1209 4003 1288 4058 1555.

775 4172 859 4246 270·

326 4309 408 4362 Anth.
426 4311 462 4362 Il.
484 4307 541 4360 145.
576 4309 610 4359 L.
632 4305 744 4360 Aradius
767 4305 888 4361 Valerius
911 4303 1039 4363 Proculus
1062 4308 1110 4362 su'b
1129 4303 1286 4362 Constantio
1312 4329 1387 4379 prn-

259 4399 349 4450 consul
366 4399 469 4450 Africae
486 4415 510 4447 a.
530 4395 561 4448 C.
579 4391 648 4463 340„
665 4397 813 4464 eodemque
831 4413 897 4450 enno
917 4397 1006 4451 consul
1023 4415 1081 4452 cum
1097 4397 1238 4470 Acindyno
1255 4399 1325 4452 fuit.
