3000 4820
668 245 875 359 „Q

385 445 500 510 Nostri
520 441 623 508 libelli
644 463 700 507 cur
720 409 838 508 retexis
858 440 1026 530 paginam,

385 549 490 637 Nugis
510 546 665 614 refertam
685 544 878 633 frivolisque
895 549 1055 632 sensibus,

223 662 246 723 5
388 655 431 722 Et
451 677 549 742 quam
568 653 686 719 tenello
713 652 777 740 tiro
800 651 862 718 lusi
881 651 1029 720 viscere?

388 761 431 828 Et
450 758 535 825 forts
556 757 655 823 doctis
676 756 705 824 si
724 758 780 824 illa
802 779 877 824 cara
897 767 943 822 est
962 757 1131 840 versibus,

389 863 482 930 Sana
501 861 626 952 pusilli
648 885 737 952 quac
757 859 884 932 laboris
909 873 1063 930 consutae

389 968 505 1038 Nullo
526 966 658 1034 decoris
676 966 826 1034 ambitus
846 967 1014 1054 saumatis

395 1076 491 1140 Hanc
509 1072 579 1138 iure
601 1071 724 1158 quaeris
748 1083 779 1138 et
800 1054 937 1138 libenter
957 1070 1107 1154 inchoas,

231 1197 274 1256 10
392 1177 492 1248 Velut
512 1176 618 1246 iocosa
636 1175 667 1244 si
684 1177 806 1246 theatra
825 1191 986 1269 perantes.

744 1329 830 1399 301.

509 1411 730 1501 Asclepiadei
748 1415 796 1482 ud
822 1413 945 1480 librum
965 1435 1077 1479 suum.

397 1529 521 1596 Parvus
541 1527 702 1594 nobilium
723 1551 798 1594 cum
824 1529 908 1599 liber
929 1529 969 1594 ad
989 1529 1105 1601 domos

398 1633 618 1724 Pomposique
640 1629 705 1700 fori
724 1633 843 1700 scrinia
862 1634 1001 1728 publici,

271 1813 273 1823 Ι
401 1739 533 1806 Cinctus
554 1738 718 1804 multifido
738 1739 867 1805 veneris
888 1741 1031 1830 agmine,

401 1843 517 1910 Nostri
538 1843 707 1932 diffugiens
727 1835 915 1936 pauperiem
935 1845 1029 1928 laris,

240 1962 262 2022 5
399 1947 474 2033 Quo
497 1949 620 2014 dudum
640 1951 771 2016 modico
790 1951 938 2018 sordidus
966 1949 1083 2036 angulo

406 2052 579 2138 Squalebas
601 2055 695 2121 tineis
717 2055 784 2120 iam
804 2078 907 2146 prope
928 2055 1067 2137 deditus,

408 2155 445 2222 si
465 2169 496 2222 te
516 2157 668 2247 despiciet
687 2159 780 2224 turba
799 2160 976 2247 legentium

407 2259 496 2327 Inter
514 2263 707 2329 Romulidas
727 2275 758 2329 et
777 2264 900 2351 Tyrias
920 2287 1055 2330 manuae

409 2366 474 2434 Isto
496 2390 556 2456 pro
579 2367 722 2454 exequiis
743 2368 890 2434 claudere
910 2369 1058 2436 disticho.

248 2483 290 2546 10
412 2471 586 2537 Contentus
605 2471 749 2560 propriis
770 2495 837 2538 esse
857 2471 945 2539 decet
963 2471 1060 2551 locis,

413 2573 504 2660 Quos
525 2575 626 2642 laudis
648 2574 742 2642 facile
761 2590 808 2644 est
825 2575 987 2645 invidiam
1007 2574 1085 2665 pati.

253 2835 310 2903 De
331 2858 369 2903 eo
397 2834 488 2926 quod
506 2728 887 2928 epigrammatalidrva
908 2831 946 2903 in
972 2833 1035 2900 boc
1063 2829 1152 2899 libro
1174 2827 1363 2918 scripserit.

382 3059 419 3124 Si
440 3057 510 3144 quis
530 3056 565 3121 in
585 3054 649 3124 hoc
674 3067 787 3128 nostro
809 3054 945 3132 detrahit
964 3055 1117 3144 ingenio,

346 3161 529 3243 Adtendat,
550 3160 689 3228 modicis
710 3161 859 3232 concludi
879 3161 1043 3233 mensibus
1063 3181 1206 3241 annum,

383 3268 427 3334 Et
447 3265 556 3332 faciles
576 3267 711 3351 hiemis,
731 3269 822 3337 veris
841 3281 872 3335 et
892 3293 959 3338 esse
981 3266 1059 3334 dies.

342 3372 498 3456 Noverit,
526 3372 562 3437 in
584 3371 736 3444 brevibus
756 3395 912 3462 magnum
933 3369 1132 3459 deprendere
1151 3387 1262 3438 uaumz
1317 3378 1320 3384 '

260 3488 282 3551 5
386 3476 482 3543 Ultra
502 3501 691 3546 mensuram
710 3478 811 3564 gratia
830 3477 919 3545 nulla
938 3476 1041 3542 datur.

221 3631 224 3644 .
345 3581 411 3648 Hic
431 3604 504 3648 mea
525 3583 682 3648 concinno
710 3583 737 3648 si
758 3581 873 3670 pagina
896 3580 1041 3670 displicet
1060 3588 1150 3664 actu,

388 3686 496 3752 Finito
517 3687 609 3754 citius
628 3687 771 3762 carmina
792 3687 895 3756 clausa
914 3687 1019 3752 silent.

349 3791 440 3857 Nam
459 3792 488 3856 si
512 3806 671 3862 constaret
694 3790 787 3858 libris
815 3791 1005 3878 longissima
1022 3791 1150 3877 multis,

392 3896 543 3964 Fastidita
568 3897 676 3966 forent
694 3897 837 3988 plurima
856 3895 913 3963 vel
936 3896 1033 3978 vitio,

783 4047 868 4124 303·

275 4132 504 4200 Trocbuicum
515 4134 558 4200 da
568 4134 730 4223 piscibus,
752 4136 814 4223 qui
827 4132 871 4202 ab
884 4131 1079 4202 dominibus
1088 4127 1179 4199 cibos
1192 4126 1381 4217 capiebant.

353 4248 466 4314 Verna
487 4250 606 4314 clausas
627 4252 711 4316 inter
730 4251 884 4316 undas-et
908 4249 1036 4316 lacunas
1058 4245 1176 4333 regias,

354 4355 495 4421 Postulat
516 4354 604 4419 cibos
627 4354 758 4418 diurnos
783 4378 841 4419 ore
861 4353 956 4442 piscis
978 4354 1135 4441 parvulo,
