2876 4824
578 311 582 324 »
609 287 733 339 xnvu

210 479 280 572 Ep.
310 473 414 544 1542.
441 469 483 544 A.
495 471 558 544 IV.
576 472 634 544 65.
663 465 922 540 Constantiana
935 461 1107 540 Maurius·
1125 470 1218 566 Imp.

106 579 246 652 uxoris.
277 575 513 670 Epitaphium
530 572 655 642 hocin
676 572 817 640 Zonara
831 569 980 660 legitur,
1007 580 1044 642 et
1069 593 1219 665 egrae-

108 709 155 754 co
184 701 399 752 conversum
425 686 481 746 est
506 675 549 742 ab
576 672 804 764 Hieronymo
830 667 983 741 Wolfio.

214 781 283 872 Ep.
314 777 418 846 1215.
445 771 487 844 A.
506 772 570 845 IV.
589 771 647 860 69.
674 769 713 838 in
729 770 921 838 Neaeram.
971 769 1014 838 Id
1041 791 1116 840 non
1130 771 1220 840 adeo

106 893 298 959 vetustum
320 901 398 947 esse
427 897 577 964 censeo,
601 872 737 943 utiam
763 891 898 941 nomen
922 867 1027 938 Leon
1050 871 1196 940 indicat.

212 967 281 1072 Ep.
311 977 417 1066 2577.
443 973 484 1045 A.
510 972 575 1045 IV.
604 991 662 1062 7a.
695 967 874 1062 Angelae.
911 970 1087 1040 Heinsius
1112 982 1219 1064 atque

107 1081 337 1154 Schraderus
368 1085 576 1170 suspectum
604 1095 684 1142 esse
716 1071 951 1142 crediderunt
982 1072 1029 1142 ob
1053 1065 1222 1162 Angelus

106 1203 281 1372 nomllllp.
318 1275 422 1347 1545.
462 1271 504 1346 A.
537 1272 602 1346 IV.
637 1269 694 1364 74.
753 1268 935 1340 Lucillae.
986 1267 1220 1364 Epigramma

0 1392 1 1395 ’
105 1403 301 1480 graecum,
327 1375 425 1472 quod
447 1376 487 1445 in
509 1374 619 1446 Anth.
645 1397 772 1466 graeca
796 1363 949 1464 legitur,
974 1395 995 1441 a
1019 1371 1155 1443 Vineto
1180 1375 1220 1441 in

102 1483 265 1560 latinum
285 1501 500 1550 conversum
515 1487 584 1564 est,
599 1485 641 1544 ut
656 1474 887 1550 Burmannus
910 1484 1016 1566 atque
1036 1471 1220 1543 Iacobsiua

102 1587 145 1653 in
176 1580 365 1652 Animadr.
391 1577 475 1649 Vol·
501 1575 566 1645 111.
590 1576 631 1644 Ρ.
660 1593 692 1643 a.
717 1599 753 1667 p.
781 1571 853 1640 516
879 1573 1060 1640 dixerunt.

211 1698 279 1789 Ep.
312 1693 417 1784 1578.
444 1691 486 1763 A.
513 1689 578 1762 IV.
608 1691 665 1779 76.
716 1680 964 1758 Recens'esse
988 1685 1219 1758 Burmannus

104 1799 326 1894 suspicatur.
360 1793 437 1864 Nec
453 1791 558 1862 aliter
573 1789 796 1859 Schraderus
822 1784 995 1856 iudicavit
1013 1785 1051 1853 in
1067 1810 1122 1877 ep.
1141 1791 1220 1858 crit.

0 1959 1 1982 ,
102 1925 144 1995 p.
166 1901 224 1987 59.
259 1898 437 1985 Pleraque
457 1893 567 1961 huius
583 1889 737 1980 generis,
763 1886 892 1977 inquit,
920 1884 1089 1974 carmina,
1116 1911 1219 1978 quae,

103 2013 295 2091 tamquam
330 2017 376 2062 ex
412 1991 516 2060 Italia
558 1989 626 2056 sibi
662 1986 771 2056 missa
796 1986 934 2073 forent,
965 1981 1071 2076 Angli
1102 2009 1221 2078 nuper

105 2098 270 2169 credulis
296 2091 549 2177 venditarunt,
575 2089 618 2156 ab
643 2086 852 2156 hominibus
872 2086 1027 2158 versutia
1055 2095 1092 2157 et
1116 2087 1219 2156 calli-

105 2201 165 2268 dis
192 2196 364 2269 videntur
401 2210 481 2259 ease
509 2188 602 2256 ficta.
656 2187 740 2275 Quo
774 2186 948 2258 similiora
981 2197 1103 2260 autem
1134 2199 1219 2259 sunt

104 2296 285 2392 antiquis,
311 2293 382 2362 hoe
407 2289 648 2382 suspectiora,
674 2285 775 2360 velut
798 2289 869 2356 hoc

234 2392 285 2464 Et
310 2393 369 2461 lae
394 2401 429 2458 et
453 2388 531 2458 vini
550 2399 708 2480 pateras
733 2397 768 2455 et
793 2387 935 2482 liquido
960 2386 1081 2466 mella,

103 2519 185 2592 quo
210 2495 366 2589 scriptor
391 2489 593 2561 eruditulus
619 2489 892 2557 similitudinem
918 2489 1050 2562 ducere
1063 2486 1180 2561 voluit
1200 2513 1220 2560 e

101 2598 305 2684 Lucretio,
332 2594 395 2687 qui
417 2591 574 2685 primam
600 2589 773 2682 syllabam
790 2590 891 2663 vocis
912 2588 1076 2686 liquidus
1093 2591 1218 2682 porri-

105 2695 404 2887 gereEllleliw.
430 2789 473 2863 A.
489 2789 553 2863 IV.
572 2811 630 2880 77.
658 2788 880 2860 Schraderus
896 2790 1061 2861 adnotat:
1084 2789 1219 2860 Schra-

1 2901 2 2904 ’
105 2897 221 2966 dacus
244 2897 284 2963 in
308 2918 471 2964 monum.
492 2891 571 2962 Ital.
596 2889 720 2984 p.156
744 2917 774 2959 a.
789 2915 917 2964 versus
934 2891 1123 2966 distinctos
1149 2915 1219 2961 ex-

1 2966 3 3100 l
104 2997 213 3067 hibet
236 2993 307 3064 hoc
328 3005 451 3088 pacto:

247 3109 251 3117 ’
395 3107 651 3182 Lucretiae
674 3107 935 3200 Massaeae.

207 3234 252 3308 Si
276 3219 413 3315 cineres
437 3228 538 3300 vitae
562 3225 740 3322 specimen
758 3225 957 3322 postfato
982 3242 1182 3318 reservant,

257 3333 316 3405 hic
335 3330 491 3429 proprio
516 3327 611 3400 nulli
635 3327 737 3397 cedet
757 3327 894 3399 honore
919 3329 1018 3401 cinis.

405 3449 732 3544 Maffoaorum
754 3451 929 3547 gemell.

215 3573 300 3646 Una
326 3573 402 3645 dies
429 3586 495 3646 etc.

102 3677 187 3749 Neo
212 3679 316 3747 aliter
341 3675 559 3745 exhibentur
583 3674 623 3744 in
647 3685 713 3746 tuo
734 3673 941 3746 codiceMs.
957 3675 1082 3767 Quare
1107 3679 1217 3751 dubi-

101 3779 259 3848 tandum
283 3801 358 3847 non
382 3773 547 3867 videtur,
573 3776 660 3869 quin
686 3777 758 3846 duo
785 3778 859 3846 sint
882 3777 1065 3874 epitaphia
1085 3803 1220 3851 recen-

100 3879 257 3950 tissima.

205 3979 276 4072 Ep.
306 3977 412 4046 1580.
438 3972 481 4045 A.
506 3973 572 4048 IV.
601 3975 659 4045 85.
700 3977 924 4050 Schraderus
949 3979 1136 4056 adnotavit
1160 4007 1216 4078 ep.

100 4103 156 4152 cr.
181 4101 218 4172 p.
233 4081 311 4147 aa:
343 4128 370 4164 „
380 4076 416 4146 V
417 4075 454 4146 ix
479 4071 623 4162 dubito,
650 4077 740 4169 quin
766 4090 895 4149 auctor
927 4079 977 4148 ait
1000 4081 1250 4152 Franciscus-

101 4177 301 4264 Columna,
335 4176 400 4274 qul
422 4178 558 4248 multos
595 4175 706 4246 huius
736 4180 878 4270 generis
909 4180 948 4250 in
979 4181 1221 4276 Hypneroto-

97 4280 251 4350 machia
272 4278 449 4373 Poliplzili
462 4277 679 4371 finxit.“--
702 4279 776 4349 Hic
794 4282 1009 4352 Francisous
1032 4281 1222 4374 Columna,

97 4381 147 4450 ab
174 4382 358 4453 amoribus
378 4379 526 4468 Peliae,
552 4382 705 4476 virginis
730 4382 862 4454 nobilis
887 4383 1121 4476 Tamisinae,
1142 4383 1222 4452 Po-
