2902 4840
691 225 897 328 „2994-

245 418 349 486 fundit.
372 391 515 485 confundit
532 413 649 484 populos
673 413 799 484 supervia
827 411 919 468 Tellus
939 411 1027 482 vulgo.
1059 409 1114 465 Pro
1138 408 1228 464 Tellus
1253 409 1303 465 slat
1322 409 1372 462 Η.

248 507 347 576 Tethys
362 505 405 558 vel
426 505 517 568 Thule,
534 520 643 572 quorum
659 503 845 572 prius-probo.

315 608 356 645 ιο.
374 591 446 646 erbis
462 601 490 644 ct
510 589 602 660 Urbis]
621 590 654 642 Β.
672 589 746 644 orbis
761 601 790 643 et
807 587 881 643 orbis
896 588 984 657 vulgo.

313 848 395 901 Anth.
412 842 448 897 ll.
466 849 509 915 93·
753 758 837 833 77⁰⁰

311 937 339 989 5.
360 933 461 1003 Titum]
479 933 562 1002 prima
578 933 663 999 longa,
682 949 748 1002 quae
765 931 826 984 alias
844 929 932 984 brevia
949 940 1005 991 estt
1021 929 1092 984 unde
1108 946 1199 984 recens
1216 946 1279 984 esso
1299 931 1371 1002 epi-

245 1039 355 1092 gramma
370 1030 443 1091 putat
458 1020 492 1072 Β.
510 1040 540 1074 ac
555 1019 715 1074 Schraderus
730 1020 802 1073 Add.
821 1021 856 1073 T.
874 1021 910 1074 Il.
926 1037 953 1086 p.
972 1036 1031 1089 717.

758 1169 844 1244 771.

248 1271 250 1281 ¹
311 1290 403 1344 Edidit
419 1291 453 1345 A.
470 1290 556 1344 Maius
573 1272 602 1342 ab
617 1288 787 1342 Duebnerus.

311 1393 338 1430 s.
355 1381 448 1432 mundi
471 1377 617 1450 quondam]
642 1390 722 1431 notus
746 1387 807 1430 crat
831 1378 933 1431 viduas
950 1377 1064 1430 condam
1088 1395 1138 1429 ms.
1157 1375 1248 1428 Goth.
1274 1387 1367 1430 nam

246 1476 306 1518 crat
320 1468 419 1520 viduae
432 1471 567 1540 quondam
576 1467 712 1520 Duebner.
742 1465 868 1536 Quamvis
880 1465 975 1517 multos
990 1466 1115 1518 Troianus
1131 1467 1249 1518 referret
1261 1467 1367 1518 trium-

244 1553 320 1621 phos,
336 1555 502 1608 nihilominus
519 1557 618 1625 pietate
636 1565 665 1608 et
681 1554 820 1608 clementia
837 1571 900 1620 erga
916 1571 1014 1621 omnes,
1033 1554 1078 1622 qui
1095 1554 1195 1608 auxilio
1212 1555 1275 1606 eiu·
1295 1572 1365 1622 ege-

245 1641 314 1708 bant,
332 1643 438 1698 celeber
454 1654 520 1700 erat.
554 1644 675 1697 Attamen
689 1645 823 1716 geinensis
835 1629 988 1712 corruptum
1005 1643 1120 1698 videtur.

310 1731 336 1784 4.
351 1729 472 1803 Arabas]
489 1733 579 1784 ultima
596 1733 680 1801 longa,
695 1741 726 1784 ut
742 1748 831 1801 snpra.
865 1732 972 1788 Arabes
987 1731 1124 1785 Duebner.

310 1819 338 1871 5.
356 1821 545 1890 et-pepulit]
563 1830 592 1872 et
608 1838 661 1874 om.
679 1840 728 1874 ms.
747 1821 831 1874 Goth.

312 1905 339 1959 6.
353 1908 480 1978 Albanis]
502 1908 597 1960 Albani
622 1908 689 1963 intra
707 1911 848 1964 Caucasum
872 1921 987 1964 montem
1012 1920 1041 1964 et
1063 1927 1133 1962 mare
1151 1909 1296 1978 Carpicum
1314 1911 1360 1963 siti

245 2005 313 2060 sunt,
330 2015 360 2048 so
375 1998 459 2066 probs
482 1997 656 2062 distinguendi
678 1999 832 2065 abillonis,
859 1999 904 2068 qui
921 1998 1028 2052 Traiani
1056 2000 1221 2067 temporibus
1248 2000 1363 2052 easdem

244 2085 300 2136 fere
317 2085 435 2153 regiones
451 2086 582 2138 invasere.
618 2085 653 2138 V.
673 2086 803 2140 Munnert.
822 2089 924 2154 Gcogr.
943 2086 977 2138 T.
999 2086 1044 2139 lV.
1062 2105 1090 2156 p.
1108 2089 1169 2138 422.
1193 2086 1361 2158 Bernhardy

246 2171 279 2224 ad
295 2171 405 2245 Dionys.
422 2173 527 2242 Perieg.
545 2192 572 2228 r.
590 2174 651 2227 305.
668 2174 835 2258 Casaubqnus
851 2176 957 2228 adAel.
975 2175 1105 2244 Spartiani
1120 2174 1255 2228 Hadrian.
1275 2192 1304 2227 c.
1314 2191 1358 2228 21.

754 2306 840 2381 772.

310 2425 352 2480 De
374 2427 526 2481 carminibus
548 2427 655 2481 ludicris
682 2426 787 2494 scripsit
809 2425 911 2477 Zellius
936 2428 964 2478 in
986 2423 1184 2477 Periensclrrill.
1210 2423 1248 2476 Τ.
1267 2426 1310 2478 Π.
1329 2445 1360 2496 p.

247 2511 305 2564 148.
325 2523 352 2565 et
367 2515 504 2567 Bernstein
520 2516 596 2566 Halis
616 2516 690 2566 1810.
725 2512 828 2582 Recepi
852 2531 885 2567 ex
909 2513 1019 2566 Velleio
1043 2514 1078 2570 ll.
1096 2513 1139 2583 67.
1173 2511 1276 2567 versus
1295 2524 1367 2568 tro-

245 2598 346 2654 chaicus
363 2613 465 2658 tetram.
486 2603 562 2655 catal.
706 2609 708 2614 '
1138 2655 1142 2668 ,

310 2692 439 2762 consules]
456 2691 489 2743 1..
507 2691 637 2743 Munatius
654 2691 774 2756 Plancus,
791 2688 830 2742 Μ.
848 2687 978 2744 Aemilius
995 2691 1115 2760 Lepidus
1133 2707 1161 2745 u.
1178 2707 1201 2741 c.
1219 2705 1286 2758 7¹²·
1324 2691 1362 2744 ln

243 2780 433 2848 proscriptione
450 2781 653 2846 triumvirorum,
671 2797 737 2849 qnae
757 2798 780 2831 1.
801 2793 859 2848 711.
878 2781 1014 2844 occideret,
1031 2779 1148 2848 Lepidus
1165 2777 1282 2831 Paulum
1300 2783 1363 2833 sra-

246 2875 311 2919 trem
333 2869 485 2938 proscripsit
507 2887 535 2921 ae
550 2868 659 2920 Plancus
680 2871 803 2922 Plancum
827 2868 944 2920 Plotium
967 2869 1084 2920 fratrem.
1121 2869 1183 2934 Quo
1205 2869 1363 2936 respiciens

244 2956 357 3022 populus
374 2957 406 3011 de
419 2958 557 3026 germanis
575 2975 620 3009 eos
638 2959 800 3027 triumphare
823 2959 952 3012 cantabat.
988 2957 1064 3010 eonf.
1084 2957 1185 3012 Vellei.
1208 2957 1231 3008 l.
1254 2957 1277 3009 l.
1297 2976 1363 3011 cum

244 3050 305 3094 nota
320 3042 425 3100 Ruhns,

751 3182 836 3257 773·

310 3291 390 3350 Anu.
405 3291 442 3345 ll.
461 3310 519 3364 ¹²9·
538 3311 571 3349 ex
588 3295 677 3349 Gellio
694 3296 758 3351 XV.
776 3303 803 3354 4.
838 3298 869 3351 In
886 3294 1171 3350 eumdemVentidium
1188 3294 1306 3347 Bassum
1321 3305 1365 3347 est

244 3377 311 3430 illud
329 3379 434 3448 Virgilii
451 3383 639 3451 Selinusiae,
656 3404 733 3457 quem
749 3389 849 3441 videtis
865 3387 983 3454 hospites
1001 3393 1053 3436 etc.

312 3483 338 3518 2.
357 3470 530 3538 inusitatum]
549 3475 720 3526 invisitatum
736 3474 927 3526 Broulshusius.
958 3481 962 3490 '

310 3555 337 3607 5.
356 3559 464 3627 consul]
482 3559 514 3612 P.
533 3558 674 3614 Ventidius
687 3562 781 3616 Bassus
799 3571 917 3614 extremo
935 3578 1000 3614 anno
1018 3576 1077 3630 711.
1097 3557 1188 3611 consul
1206 3559 1251 3610 fit.

776 3691 834 3766 74.

308 3803 388 3859 Antis.
404 3806 438 3859 ll.
455 3807 499 3861 62.
516 3827 549 3864 ex
566 3777 677 3863 Sueton.
696 3695 776 3862 Caes7.
791 3826 834 3861 ιο.

316 3917 344 3955 1.
367 3903 427 3956 Non
436 3906 540 3977 Bibulo]
563 3907 666 3959 consule
676 3925 729 3959 non
738 3906 831 3959 Bibulo
850 3909 994 3980 quidquam
1006 3906 1053 3959 sed
1064 3909 1172 3958 Caesare
1176 3905 1301 3978 factum
1313 3922 1367 3962 est.

245 3999 333 4067 vulgo.

562 4080 665 4134 consule
675 4099 726 4133 non
736 4078 828 4132 Bibulo
840 4080 993 4150 quidquam,
1006 4081 1054 4132 sed
1063 4055 1299 4150 Caesarefactum
1312 4094 1367 4136 est.-

630 4165 671 4220 nil
690 4165 794 4220 sucasini
806 4165 871 4236 fieri
890 4163 994 4218 consuls
1014 4183 1076 4217 nom
1096 4163 1202 4218 Bibulo.

245 4255 334 4311 Burm.
567 4315 569 4320 ,

307 4360 338 4398 ·2.
350 4347 475 4426 leccenic]
493 4369 515 4404 a.
531 4367 559 4402 u.
579 4350 637 4420 695.
