3002 4816
610 194 812 296 aar..

239 369 356 457 Pellat,
383 386 413 438 et
434 375 467 440 in
489 375 603 461 gracili
624 377 814 446 decorentur
835 392 982 472 tempora
1002 385 1100 474 ferro,

238 474 346 543 Arma
365 490 470 565 tegant
488 493 635 558 nostrum
655 483 759 572 potius
781 507 877 572 quam
897 512 1034 577 suppara
1053 515 1178 583 corpus.

238 579 272 645 A
295 582 363 648 telis
384 585 424 650 ad
446 589 509 652 tela
530 587 619 654 decet
639 589 774 654 transire
795 589 960 659 iuventam

151 693 194 754 25
238 682 346 772 Atque
365 687 471 756 hostes
492 691 600 778 gladio
621 715 718 780 quam
739 694 825 760 lanas
847 696 982 772 fundere
1005 700 1089 770 fuso.
1226 677 1253 754 q

235 790 361 858 'sennia
381 795 501 861 loricae
530 797 642 863 cedant
661 798 804 864 multicia
825 799 912 884 forti,

234 896 404 985 Splendeat
423 910 454 963 et
472 910 580 986 raptus
601 901 745 991 proiecto
768 904 893 993 pectine
914 931 1040 994 mucro,

232 1001 410 1070 contemtis
432 1002 529 1070 radiis
551 1020 723 1073 onerentur
743 1007 874 1078 brachia
894 1014 981 1103 pilis,

230 1107 346 1174 Clausa
368 1107 423 1174 diu
442 1108 585 1174 thalamo
606 1111 779 1178 reddamus
799 1131 928 1204 pectora
949 1143 1075 1209 campo.

22 1279 23 1288 ,
146 1219 189 1278 30
232 1211 409 1278 Praesumit
431 1226 551 1280 certam
571 1216 674 1284 virtus
694 1220 757 1286 sibi
779 1225 905 1292 conscia
923 1228 1079 1318 palmam,

20 1295 23 1424 J
228 1312 282 1379 Ac
303 1317 417 1382 dubios
437 1319 552 1404 gaudet
568 1320 716 1408 perferre
734 1324 879 1410 interrita
899 1353 998 1398 casus.

232 1419 292 1486 Nil
311 1434 448 1506 metuat,
469 1425 523 1512 qui
546 1447 662 1514 magna
687 1429 788 1518 cupit,
815 1434 988 1499 constantia
1006 1435 1122 1500 mentis

226 1521 302 1588 Fata
323 1526 447 1606 domat,
467 1531 614 1598 aeciam
634 1532 717 1622 potis
738 1546 784 1599 est
805 1533 934 1600 fortuna
953 1557 1071 1602 nocere

227 1629 347 1696 Securo
369 1635 500 1720 mortis,
522 1635 573 1700 cui
594 1659 662 1701 uon
683 1649 756 1702 sunt
778 1638 862 1704 bella
880 1636 1002 1703 timori.

140 1735 183 1806 35
226 1737 373 1804 Fortibus
394 1763 457 1806 una
479 1742 559 1814 viris
586 1740 761 1828 parilisque
780 1765 839 1830 per
860 1741 970 1808 omnia
990 1765 1059 1809 sors
1081 1759 1136 1829 est,

223 1839 291 1909 Aut
309 1845 436 1931 palmae
457 1857 512 1910 aut
532 1845 587 1928 leti
609 1845 779 1934 pugnando
800 1845 969 1932 adquirere
988 1845 1126 1914 laudem.

221 1950 363 2013 Cernere
384 1948 453 2013 iam
474 1948 604 2032 videor,
626 1963 740 2036 quanta
759 1952 908 2018 mercede
928 1951 1050 2018 cruoris

221 2052 385 2122 Constabit
404 2065 510 2142 raptus
532 2054 641 2122 Paridi
666 2055 852 2144 crimenque
871 2054 996 2138 iacenti,
1034 2088 1037 2092 ·

219 2157 330 2223 Obvia
350 2159 492 2225 cristatus
513 2181 588 2224 cum
607 2159 758 2248 sparserit
779 2160 908 2248 agmina
928 2173 1051 2245 vertex,

134 2268 176 2333 40
219 2264 260 2328 Et
280 2265 350 2329 solo
372 2265 520 2354 adspectu
542 2263 725 2332 claudentur
745 2265 903 2352 Pergama
923 2277 1044 2351 nostro,
1075 2322 1077 2326 ,

219 2372 306 2435 Cum
326 2394 431 2436 novus
454 2368 571 2437 effusos
593 2370 728 2436 bellator
754 2369 869 2439 fudero
891 2371 1047 2455 Teucros,

218 2475 321 2544 Multa
342 2475 442 2544 trahet
462 2475 587 2544 Xanthi
606 2475 752 2543 Troiana
779 2477 934 2542 cadavera
953 2498 1077 2564 gurges,

216 2581 438 2668 Maioremque
457 2579 539 2650 seret
563 2603 731 2648 caesorum
751 2582 904 2670 sanguine
924 2603 1064 2648 cursum.

126 2733 129 2742 .
218 2687 282 2752 Sed
301 2686 386 2750 mihi
406 2684 627 2771 quis1·eferar=
654 2687 767 2766 „Cum
786 2697 816 2750 te
838 2708 988 2775 praesaga
1007 2690 1143 2756 creatrix
1229 2771 1231 2778 Α

130 2797 173 2860 45
219 2789 402 2854 Subducens
424 2789 496 2855 satis
517 2790 612 2854 alieni
633 2788 793 2854 schemate
811 2811 905 2855 sexus

217 2891 271 2956 Ad
292 2894 519 2980 Lycomedeos
540 2891 614 2959 fecit
634 2894 770 2958 transire
791 2905 927 2980 penates,

212 2998 463 3086 Depositumque
484 3019 580 3062 suum
600 2997 713 3062 maluit
732 2996 920 3063 conmittere
943 2997 1067 3062 blandis

212 3103 416 3190 Virginibus,
438 3125 480 3167 ne
501 3115 532 3167 te
552 3100 656 3189 rapiat
676 3102 722 3166 sic
745 3101 880 3166 Martius
902 3103 1009 3185 ardor,

211 3209 369 3278 Orbatam
389 3219 422 3271 ut
441 3207 560 3274 crucies
580 3229 646 3271 non
668 3206 739 3272 viso
759 3207 894 3294 pignore
914 3219 1069 3273 matrem:

128 3333 170 3388 50
214 3315 315 3381 Vadis
335 3314 370 3378 in
390 3335 481 3381 arma
501 3311 612 3395 ferox,
644 3312 822 3378 thalamum
847 3326 1017 3401 natumque
1034 3313 1229 3400 relinquens,

210 3422 281 3486 Nec
300 3419 391 3484 venit
410 3419 446 3486 in
469 3431 629 3502 mentem,
656 3429 810 3504 quantum
829 3429 990 3482 mereatur
1011 3443 1166 3504 amorem,

210 3524 301 3611 Quae
319 3537 350 3589 te
370 3525 477 3612 prima
497 3525 608 3592 virum
627 3524 900 3612 conlatopectore
920 3521 1005 3589 fecit.

209 3632 240 3694 ls
262 3630 300 3694 ad
321 3630 406 3694 bella
426 3629 546 3710 libens,
568 3628 624 3693 ubi
645 3627 805 3715 quaeritur
832 3628 899 3692 alea
918 3627 1044 3712 mortis,

210 3736 282 3799 Nec
302 3735 435 3820 spondet
458 3746 578 3799 certam
598 3735 698 3800 tristis
720 3735 853 3798 Bellona
872 3735 1023 3814 salutem3

124 3854 166 3914 55
211 3840 274 3904 Sed
299 3839 418 3903 Danais
439 3838 591 3904 comitem
616 3861 683 3903 esse
706 3838 807 3926 placet
823 3835 1010 3922 sociumque
1029 3839 1140 3927 pericli

206 3947 271 4011 Pro
294 3943 400 4008 famae
419 3940 518 4007 titulis
539 3942 670 4009 meliori
690 3941 862 4028 adiungere
882 3964 1001 4010 causae.

208 4049 334 4115 Scilicet
354 4061 394 4113 ut
416 4045 556 4115 coniunx
576 4048 676 4112 viduo
696 4045 846 4111 reddatur
866 4037 1009 4130 Atridae,

204 4155 400 4220 Procumbat
421 4149 497 4216 vilis
519 4150 726 4228 Teucrorum
748 4149 879 4217 victima
901 4151 1089 4220 Achilles!“
1109 4185 1151 4200 -

207 4258 330 4344 Aufer,
353 4259 439 4325 iners
464 4253 624 4336 monitor,
643 4255 743 4346 impis
766 4253 908 4324 fomenta
928 4257 1079 4337 medelae,
