2992 4826
694 255 901 358 ...Q-

310 445 459 514 Floribus
480 439 659 508 innumeris
681 441 786 530 pingit
803 443 871 507 sola
891 440 983 509 ssahis
1003 443 1069 511 Eoi

353 554 559 638 Tempeaque
579 545 729 613 exhalant
748 545 881 638 floribus
902 538 1095 618 innumeris

308 659 372 726 Per
394 678 472 721 cava
490 675 567 718 saxa
587 665 678 717 sonat
697 653 857 740 pecudum
877 655 1050 742 mugitibus
1071 657 1163 742 echo,

352 763 491 846 Voxque
510 760 637 848 repulsa
656 757 738 844 iugis
760 780 818 845 per
839 779 917 825 cava
936 783 1012 828 saxa
1035 777 1137 837 sonat.

244 881 287 946 15
308 869 403 936 Vitea
427 877 532 930 musta
548 876 672 929 tument
691 862 815 928 vicinas
835 866 944 932 vincta
964 891 1023 954 per
1042 871 1159 952 ulmos,

347 971 478 1039 Fronde
497 971 652 1036 maritata¹
663 970 749 1035 vitea
769 985 873 1038 musta
894 985 1028 1044 tument.

306 1079 394 1144 Nota
414 1079 515 1165 tigilla
534 1077 608 1144 linit
628 1076 695 1141 iam
716 1079 844 1163 garrula
863 1079 935 1144 luce
956 1080 1116 1166 chelidon,

261 1203 269 1254 t
347 1186 441 1250 Dum
459 1183 574 1248 recolit
594 1181 706 1265 nidos,
727 1196 802 1248 nota
823 1186 924 1270 tigilla
944 1185 1027 1250 linit.

307 1290 373 1354 Sub
395 1290 522 1377 platano
543 1286 645 1353 viridi
665 1286 803 1352 iucunda
823 1311 956 1354 somnus
975 1289 1011 1352 in
1033 1290 1149 1356 umbra

241 1407 285 1473 20
349 1397 500 1481 Sertaque
521 1405 670 1460 texuntur
691 1391 749 1458 sub
771 1393 898 1479 platano
916 1393 1027 1458 viridi.

305 1501 402 1565 Tunc
423 1521 546 1586 quoque
568 1499 661 1562 dulce
680 1497 786 1562 mori:
813 1510 889 1562 tunc
908 1497 963 1562 fila
982 1499 1137 1565 recurrite
1161 1499 1249 1588 fusis,

346 1605 434 1669 Inter
453 1617 485 1670 et
504 1605 672 1694 amplexus
692 1617 768 1669 tunc
789 1626 914 1692 quoque
936 1602 1027 1668 dulce
1049 1605 1147 1672 mori.

565 1859 689 1927 Citerii
710 1859 849 1926 Sidonii
865 1860 1027 1927 Oratoris

477 2009 478 2016 ,
684 1965 719 2017 de
746 1965 907 2034 pastoribus.

297 2093 303 2104 ·
323 2065 428 2133 'Almo
448 2065 567 2130 Theon
587 2065 731 2153 Thyrsis
752 2064 816 2130 ord
836 2065 894 2130 sub
917 2079 1028 2132 monte
1049 2066 1170 2153 Pelori,

327 2169 458 2236 Semine
476 2171 637 2261 disparili,
660 2171 822 2234 Laurente
843 2170 974 2236 Lacone
997 2172 1128 2238 Sabino.

324 2276 402 2342 Vite
424 2275 556 2359 Sabine,
577 2277 690 2342 Lacon
710 2275 818 2358 sulco,
846 2298 902 2339 sue
924 2278 1049 2364 cognite
1070 2279 1226 2346 Laurens.
1292 2304 1294 2308 ·

283 2409 285 2416 ·
325 2381 468 2473 Thsssis
493 2393 586 2466 o'ves,
612 2382 731 2448 vitulos
753 2383 871 2447 Theon
893 2395 1014 2469 egerat,
1040 2381 1143 2448 Almo
1164 2386 1310 2473 capellas.

241 2501 262 2564 5
325 2487 430 2555 Almo
452 2512 532 2576 puer
553 2491 714 2578 pubesque
736 2488 870 2567 Theon,
902 2499 933 2550 at
954 2487 1094 2572 Thyrsis
1120 2489 1269 2577 ephebus,

324 2597 434 2660 Canna
451 2594 565 2678 Almo,
587 2594 728 2682 Thyrsis
749 2593 873 2680 stipula,
896 2591 1014 2655 Theon
1036 2616 1093 2657 ore
1113 2596 1268 2664 melodes.
1412 2677 1416 2688 Ι

326 2702 406 2768 Nais
428 2713 512 2766 amat
523 2700 690 2788 Thyrsin,
713 2699 834 2763 Glauce
847 2696 1008 2778 Almone,
1030 2697 1111 2764 Nisa
1127 2702 1309 2789 Thoonem,

325 2809 406 2874 Nisa
425 2831 531 2888 rosas,
553 2806 674 2871 Glauce
694 2806 797 2871 violas
820 2805 889 2888 dat,
910 2803 979 2867 lilia
1000 2804 1088 2871 Nais.

753 2951 874 3048 254,
944 3017 948 3024 .

514 3063 638 3130 Latini
665 3061 799 3130 Alcimi
818 3059 921 3130 Aviti
940 3048 1075 3130 Alethii

724 3169 865 3240 Virgilius.

324 3270 514 3339 Maeonium
536 3270 675 3357 quisquis
699 3269 866 3335 Romanus
887 3269 991 3334 nescit
1012 3269 1206 3352 Homerum,

366 3375 423 3439 Me
443 3376 541 3460 leget:
574 3387 605 3441 et
624 3375 743 3440 lectum
765 3373 871 3438 credat
891 3384 1061 3460 utrumque
1081 3374 1153 3439 sibi.

324 3480 413 3546 Illius
433 3481 596 3545 inmensos
620 3480 757 3546 miretur
779 3478 915 3544 Graecia
938 3502 1078 3568 campos,

369 3584 417 3650 At
435 3587 546 3651 minor
567 3598 613 3652 est
633 3585 744 3669 nobis,
772 3586 828 3650 sed
847 3607 942 3673 mage
963 3587 1061 3651 'cultus
1083 3597 1168 3672 ager.

239 3695 261 3767 5
323 3693 403 3758 Nou
425 3692 519 3756 miles
526 3691 663 3781 ,pastor
669 3739 680 3772 ,
708 3713 824 3756 curvus
843 3713 911 3756 non
933 3691 1010 3757 defit
1029 3703 1145 3756 arator.

366 3797 457 3863 Haeo
477 3797 585 3864 Graiis
607 3810 749 3866 constant
771 3797 912 3886 singula,
939 3796 1023 3863 trina
1042 3797 1144 3874 mihi,

515 4056 642 4123 Latini
663 3944 916 4125 Alcirll5Avisi
935 4054 1073 4123 Aternia·

628 4163 760 4216 Homerus
781 4173 809 4215 et
825 4161 961 4230 Virgilius.

326 4246 478 4314 Maeonio
500 4251 566 4314 vati
587 4253 642 4336 qui
662 4277 720 4341 par
742 4266 793 4319 aut
812 4253 982 4343 proximus
1003 4259 1091 4332 esset,
1121 4299 1133 4319 .

145 4396 165 4453 ³:
179 4389 199 4454 5:
337 4395 345 4443 t
368 4355 537 4442 §omnbus
558 4354 664 4422 Paean
683 4359 753 4425 risit
772 4371 803 4424 et
822 4357 900 4424 haec
921 4353 1048 4421 cecinit:
