2944 4836
782 243 855 314 130

338 458 364 510 7.
383 453 435 509 quo
451 451 480 487 se
495 432 698 499 Heliconiades]
714 432 752 483 uic
763 430 867 500 scripsi.
892 431 962 484 Nota
981 430 1113 498 dactylum
1125 430 1212 500 primo
1221 429 1283 482 loeo
1301 432 1374 498 posi-

269 540 334 581 tum.
352 543 418 598 quos
433 524 623 575 Heliconiadeu
640 521 729 588 vulgo.
767 523 774 529 “

337 616 364 667 8.
381 627 527 682 numquam
544 609 642 676 minus]
659 610 679 659 i.
698 623 724 659 ο.
742 608 784 659 cui
803 623 939 678 numquam
955 623 1008 660 nou
1025 624 1132 662 amoena
1149 607 1249 662 frondis
1267 617 1316 674 est,
1328 608 1372 659 vel

268 708 311 762 cui
326 719 430 772 temper
445 699 532 752 virens
548 701 618 750 frons
637 706 685 747 est.

383 806 496 841 amoena
506 784 632 857 frondis]
641 783 755 853 frondis
772 783 947 834 nominativus
965 793 1006 834 est
1021 801 1070 852 pro
1088 784 1189 850 vulgari
1199 781 1292 853 stom.

336 897 376 933 ιο.
395 879 439 929 eui
453 903 488 914 -
500 873 590 943 parit]
614 871 755 939 legendum
778 881 822 923 aut
844 889 897 941 quo
912 899 949 910 -
964 872 1034 924 salit
1056 879 1101 923 aut
1125 889 1203 943 quem
1218 901 1254 912 -·
1265 875 1370 942 pascit,

266 981 297 1025 ut
307 969 389 1040 polus
400 965 494 1034 pascit
509 964 600 1014 sideru
617 977 659 1028 ap.
680 960 758 1025 Virg.

334 1073 375 1109 ια.
391 1051 537 1117 multam]
553 1051 693 1116 legendum
713 1045 841 1108 ¹resultat.

333 1136 549 1207 14.unusfam.
573 1136 657 1204 locus]
682 1153 752 1202 mgo.
775 1153 822 1185 ms·
847 1135 972 1187 Leidens.
1000 1135 1050 1187 hou
1076 1139 1125 1190 uni
1139 1138 1286 1208 famulans
1309 1141 1368 1193 loco
1450 1163 1451 1168 ¹

265 1236 415 1289 ministrat.
433 1229 523 1294 vulgo.

247 1373 251 1389 ‘
329 1371 380 1472 up.
396 1399 438 1452 m.
776 1303 859 1378 344⁸

331 1511 371 1544 12.
388 1505 469 1558 quam
487 1495 631 1554 superatus
648 1484 725 1550 erat]
747 1484 766 1533 i.
790 1500 816 1533 0.
835 1483 946 1550 plusque
964 1483 1028 1534 furit
1045 1485 1150 1538 vincens
1176 1505 1253 1557 quam
1276 1489 1367 1540 surena

262 1591 324 1648 erat,
340 1570 482 1646 supinum,
499 1577 542 1627 vel
559 1575 672 1643 plusque
689 1575 752 1624 furit
768 1573 874 1624 vincens
893 1590 969 1639 quam
986 1589 1043 1624 cum
1061 1585 1195 1643 superatus
1213 1587 1278 1628 emt.

771 1703 855 1778 345.

770 1887 855 1966 346.

769 2083 853 2158 347·

322 2179 374 2248 Ep.
393 2177 437 2244 49.

325 2287 349 2319 1.
364 2259 515 2336 praecedis]
532 2259 673 2326 legendum
690 2259 834 2324 Procedis,
855 2260 938 2326 Vico,
956 2279 1004 2311 nec
1023 2272 1111 2314 tamen
1127 2265 1276 2332 praecedis.
1296 2265 1316 2318 i.
1336 2284 1363 2317 e.

255 2355 374 2427 procedis
390 2354 418 2404 in
435 2367 561 2417 campum,
575 2348 650 2411 Vico,
668 2365 716 2398 nec
733 2357 821 2398 tamen
839 2364 959 2416 umquam
977 2351 1061 2402 victor
1079 2353 1195 2406 decedis.

320 2444 347 2495 5.
365 2443 416 2493 hac
433 2459 468 2489 m·
487 2436 593 2504 misero]
612 2436 642 2488 Β.
660 2436 743 2503 (Add.
762 2453 789 2502 p.
813 2435 883 2502 700.)
902 2454 934 2486 ac
952 2437 1041 2491 mollis
1058 2443 1157 2492 misera
1180 2443 1278 2492 teneris
1296 2459 1365 2496 usu.

763 2602 847 2675 348·

325 1799 375 1868 Ep.
394 1799 434 1865 47.

325 1989 375 2056 Ep.
394 1987 436 2039 48.

253 2533 341 2600 wigo.

317 2697 368 2765 Ep.
387 2698 430 2752 50.

317 2787 343 2838 6.
362 2784 471 2851 indicet]
490 2785 508 2834 i.
527 2801 553 2834 e.
570 2801 621 2835 non
639 2800 732 2850 purum
749 2781 904 2850 obsequium
921 2785 1007 2836 amicis
1023 2786 1144 2849 inservit,
1165 2786 1212 2838 sed
1228 2785 1288 2836 vult
1305 2804 1367 2854 po-

249 2876 309 2940 tius,
326 2884 355 2926 ut
372 2875 481 2938 indicet,
498 2890 562 2940 quae
581 2873 663 2923 videt.
682 2869 811 2921 officiosus
829 2879 876 2934 est,
895 2879 924 2920 ut
940 2872 1043 2940 habeat,
1061 2876 1132 2942 quod
1149 2891 1272 2943 spargere
1291 2892 1367 2942 pos·-

249 2963 283 3015 sit
298 2962 456 3014 rumoribus.

315 3068 341 3120 7.
357 3067 409 3101 non
426 3047 487 3114 suu]
504 3047 522 3101 ἰ.
541 3065 565 3099 e.
587 3047 617 3112 iu,
634 3048 677 3115 qui
695 3057 723 3098 te
742 3047 947 3117 paranymphum
963 3048 1051 3114 habet,
1068 3069 1120 3102 non
1136 3069 1182 3102 sua
1197 3059 1255 3102 rota
1273 3054 1369 3104 sorti-

247 3149 305 3205 tur,
329 3139 376 3190 sed
400 3147 456 3189 tua:
480 3137 588 3187 sortitur
613 3137 699 3202 enim,
721 3156 774 3188 non
790 3139 862 3206 quod
879 3137 945 3201 sibi,
963 3140 1011 3190 sed
1029 3141 1100 3208 quod
1118 3139 1166 3190 tibi
1182 3149 1289 3208 gratum
1307 3153 1368 3210 est,

248 3245 305 3280 cum
320 3227 393 3296 larga
410 3227 476 3278 dona
492 3226 540 3277 tibi
560 3225 642 3278 danda
658 3226 720 3291 sint,
737 3243 785 3278 nec
801 3227 891 3277 famam
908 3227 992 3294 ipsius
1010 3227 1111 3280 laedas.
1159 3280 1161 3284 ,

236 3427 241 3452 ⁵
311 3445 362 3514 Ep.
379 3445 422 3497 51.
754 3355 837 3438 349⁶

308 3535 335 3586 5.
346 3533 508 3602 fecerat-
525 3536 662 3599 maritum,
680 3543 750 3585 esset
766 3533 808 3601 ut]
826 3535 845 3585 1'.
865 3551 890 3587 e.
907 3535 1038 3599 effecerat,
1056 3543 1085 3586 ut
1102 3536 1209 3589 maritus
1225 3555 1297 3594 suus
1317 3560 1372 3595 es·

241 3625 282 3670 set
298 3631 401 3682 tacenu3
426 3621 464 3672 aie
483 3623 559 3673 hatte
577 3623 713 3689 gemacht,
738 3624 794 3674 dass
817 3624 860 3675 ihr
877 3624 955 3676 Manu
977 3641 1021 3674 um
1038 3624 1112 3675 ihrer
1135 3627 1236 3692 groben
1264 3629 1371 3701 Zunge

241 3707 330 3760 willen
346 3706 398 3759 wie
415 3711 456 3762 ein
474 3710 551 3762 Thor
566 3712 714 3777 schweigen
731 3721 837 3763 musste.

306 3795 331 3846 5.
348 3796 482 3865 cernebat]
499 3799 516 3850 i.
540 3817 565 3880 ο.
587 3799 760 3866 adspiciebat3
785 3818 815 3851 so
837 3801 877 3852 0st
900 3818 929 3852 er
953 3802 991 3854 uie
1008 3802 1055 3852 mit
1073 3802 1179 3869 eifriger
1193 3802 1294 3858 Liebe
1313 3827 1371 3862 an-

240 3881 347 3948 bliekte,
364 3900 394 3933 so
412 3887 485 3936 ward
503 3905 533 3937 er
548 3888 715 3939 versteinert.

304 3989 331 4041 7.
351 3974 465 4040 tandm,
482 3974 559 4041 haec]
576 3985 716 4045 utcumque
734 3975 797 4028 ferri
814 3984 912 4044 potest.
948 3979 1045 4031 Nescio
1063 3997 1095 4032 au
1114 3980 1253 4035 tacitaet-

301 4185 352 4258 Ep‘
370 4189 413 4244 52.
747 4105 832 4180 350·

299 4273 326 4321 4.
344 4271 494 4341 ebrietatis]
513 4286 541 4327 et
557 4278 668 4333 virtutis
685 4300 738 4349 mg.
755 4301 804 4336 ms.
821 4274 957 4350 Leidem.,
975 4283 1046 4353 quod
1064 4301 1079 4335 a
1096 4283 1205 4352 reliquia
1222 4286 1375 4340 versibus

234 4354 303 4406 haud
320 4359 461 4414 discordat.
