2994 4828
776 283 826 362 18

703 368 908 402 .......-..-.,.,.-
1056 413 1059 422 Ι

808 467 811 472 ’
861 471 1009 526 humanam

348 580 376 624 et
393 568 528 640 quandam
544 574 652 638 gentem
668 571 702 618 ut
718 563 819 632 stirpes
834 563 977 632 concoquit
987 557 1095 633 frigus,

347 655 436 710 calam
452 665 536 727 atque
552 655 662 708 humare
677 650 843 705 aritudimm
858 637 980 704 miscens.

247 746 282 802 Is.
298 745 415 802 Voseicte.

313 835 341 888 4.
359 831 432 900 dum]
450 829 518 883 Scel·
535 829 638 883 Nonius
656 847 683 882 v.
700 838 792 881 cortex
807 846 836 898 p.
855 843 919 898 ¹99²
939 825 1029 883 Varro
1043 825 1205 878 Promethea
1219 820 1269 878 lib.
1288 827 1360 878 Tum

246 933 279 976 ut
294 924 320 976 si
335 939 467 990 supernus
482 911 574 970 cortex
591 928 643 971 aut
664 919 808 971 cucumim
823 919 989 972 Morimtum
1013 917 1043 969 in
1065 922 1212 986 querqueto
1229 922 1258 966 et
1273 909 1357 966 arba-

245 1028 305 1065 rum
323 1008 506 1062 amaritudine
522 1005 670 1059 Macestus.

754 1095 813 1148 uiro
832 1103 889 1146 tum
905 1092 965 1146 suis

345 1203 425 1256 asper
440 1183 571 1238 cubemus
587 1194 679 1253 cortex
696 1193 747 1236 aut
764 1183 909 1236 cucumim

344 1276 504 1327 morientum
519 1276 548 1327 in
566 1283 712 1346 querqueto
730 1271 855 1325 arborum
872 1269 1013 1323 aritudine

245 1365 280 1421 Is.
295 1360 417 1416 Vossius·
448 1359 548 1414 Versus
567 1364 671 1432 quintus
688 1359 801 1427 omnino,
818 1358 896 1410 sicuti
912 1358 1024 1413 Vossius
1040 1354 1180 1426 praecipit,
1194 1350 1290 1420 corrigi
1305 1352 1355 1405 de-

245 1455 300 1522 bet,
319 1471 378 1504 cum
394 1453 421 1503 in
438 1451 566 1522 scaligeri
582 1454 699 1506 editione
717 1467 769 1501 uno
786 1448 856 1516 pede
872 1447 981 1502 brevior
998 1449 1042 1502 eit.

311 1542 337 1594 6.
357 1551 385 1592 et
399 1540 532 1612 exangui]
549 1541 618 1594 Scel.
636 1539 739 1594 Nonius
760 1555 787 1588 r.
803 1538 938 1592 evirescat
959 1555 987 1606 p.
1007 1551 1066 1588 101·
1101 1535 1188 1592 Varro
1195 1532 1353 1586 Prometheo

245 1627 294 1683 lib.
312 1627 377 1682 XV.
394 1629 487 1698 Atque
505 1627 687 1702 exsanguibus
704 1627 794 1680 dolore
814 1627 947 1682 evirescat
963 1627 1044 1680 colos.

312 1731 338 1787 7.
359 1715 495 1786 mortalis]
513 1717 583 1775 Scel.
599 1719 701 1772 Nonius
718 1735 744 1769 v.
762 1717 881 1770 vastitas
898 1737 925 1788 p.
943 1717 1004 1786 4ι7.
1027 1717 1111 1772 Varro
1128 1711 1286 1768 Prometheo
1303 1707 1355 1761 lib.

245 1812 271 1862 Ι.
293 1803 428 1860 Mortales
449 1825 525 1861 nemo
547 1809 676 1876 exaudit,
701 1807 750 1860 sed
770 1804 830 1860 late
854 1801 976 1859 incolens
996 1803 1157 1858 Saccumum
1176 1798 1356 1870 inhospitalis

247 1896 351 1967 campie
366 1896 497 1953 uastitas.
639 1879 641 1886 ’

315 1999 341 2051 9.
360 1982 522 2052 levisomna]
539 1981 607 2036 Scal.
626 1988 746 2066 specius
762 2003 835 2038 mens
851 1999 999 2054 numquam
1014 1981 1182 2034 eommrinac
1198 1976 1330 2050 imagines

624 2073 743 2144 adfatur
752 2093 762 2136 ‚¹
780 2091 834 2126 nan
851 2073 1012 2125 umbrantur
1032 2087 1125 2124 somno
1136 2065 1267 2138 papulae.
1336 2132 1346 2139 ·

246 2165 296 2214 Ita
321 2161 440 2232 corrigo,·
463 2159 544 2230 uulgo
564 2176 710 2214 mensum
733 2163 833 2215 cum.“
867 2160 1007 2214 Bentleius
1030 2159 1063 2211 ad
1086 2158 1196 2212 Lucret.
1216 2155 1271 2222 IV,
1296 2154 1356 2225 7⁵¹·

246 2249 350 2301 Nonius
368 2265 394 2302 v.
412 2265 573 2300 somnurnas
589 2266 616 2316 p·
635 2267 692 2318 172.
713 2253 801 2307 Varro
817 2250 978 2302 Promethea
995 2245 1043 2300 lib.
1060 2251 1088 2300 Ι.
1105 2248 1189 2301 Leuis
1205 2261 1277 2298 mene
1292 2261 1357 2295 um-

247 2357 330 2430 quam
346 2354 506 2392 somnumas
523 2337 657 2407 imagines
666 2338 785 2406 Affatur
801 2356 855 2389 non
871 2336 1014 2393 umbratur
1029 2354 1122 2388 somno
1133 2333 1263 2407 papulae.
1278 2331 1356 2384 Meo-

248 2443 323 2480 cerus
348 2423 496 2494 improbans
518 2423 636 2490 Scaliger
671 2426 853 2490 coniecturam,
871 2427 953 2478 Levis
975 2443 1048 2476 mens
1068 2442 1215 2496 numquam
1231 2437 1358 2476 samnar-

247 2531 300 2566 nas
321 2513 454 2583 imagines
481 2512 607 2582 Affatur‚
639 2533 694 2568 non
715 2512 876 2567 umbrantur
892 2530 984 2568 somna
1002 2509 1134 2580 papulae.
1166 2512 1306 2564 Salmasius
1322 2527 1357 2561 ox

246 2609 314 2654 vett.
331 2601 461 2658 librorum
474 2602 631 2654 auctoritate
648 2603 676 2654 in
692 2601 761 2655 Plin.
778 2601 908 2656 Exercitt.
925 2618 952 2670 p·
970 2599 1029 2670 764.
1047 2598 1091 2650 ed.
1109 2596 1227 2654 Traiect.
1245 2600 1356 2653 dePr'o-

247 2689 369 2756 mctheo,
392 2689 493 2758 inquit,
517 2689 582 2744 hacc
605 2692 773 2757 dicebantur,
798 2709 876 2760 quem
894 2688 1009 2742 Caucaso
1029 2684 1131 2740 affixum
1151 2689 1259 2740 vulture
1282 2689 1356 2741 iecur

247 2780 398 2833 redivivum
427 2780 555 2832 tundente
577 2781 689 2848 negabat
718 2777 833 2833 dormire
855 2796 987 2848 umquem.
1026 2779 1192 2830 Somnumae
1223 2777 1355 2849 imagines

247 2878 308 2922 sunt
326 2869 381 2921 visa
397 2877 525 2923 nocturna
542 2879 570 2922 et
587 2871 693 2924 somnia.
726 2871 781 2940 Qui
799 2869 881 2923 oculis
895 2884 1013 2920 somnum
1028 2883 1080 2933 non
1098 2865 1175 2935 capit,
1190 2881 1241 2918 nec
1258 2866 1356 2918 somnia

248 2968 336 3030 potest
358 2958 468 3022 videre,
493 2976 543 3010 nec
566 2975 717 3012 somnumas
734 2955 859 3026 imagines
886 2955 968 3021 affori,
985 2969 1051 3024 quae
1067 2953 1202 3007 insomnis
1220 2961 1353 3024 apparant.

248 3051 413 3101 Somnumus
424 3065 439 3100 a
450 3063 557 3115 somno,
573 3055 603 3100 ut
613 3057 762 3100 nocturnus
775 3066 790 3100 a
803 3053 892 3114 nocte,
911 3060 1069 3100 mensumus
1085 3062 1100 3096 a
1116 3059 1215 3097 mense.

763 3221 824 3291 41.

319 3369 407 3424 Anth.
420 3369 468 3420 111.
486 3384 527 3438 7¹·
543 3369 645 3420 Nonius
662 3386 688 3420 v.
701 3369 786 3422 miras
801 3386 828 3436 p.
841 3367 903 3424 480.
921 3385 954 3420 ere
972 3367 1103 3424 Varronis
1110 3363 1356 3419 Eumenidibus.-

321 3475 345 3508 1.
363 3455 454 3523 numo]
474 3458 564 3507 animo
580 3457 724 3512 Mereorus.

318 3564 343 3600 a.
361 3543 507 3610 tantidem]
526 3561 575 3624 pro
593 3548 761 3600 tantundem.
794 3543 990 3598 Ruddimonnus
1007 3563 1035 3614 p.
1055 3541 1113 3596 125.

763 3727 824 3802 42·

318 3854 399 3919 Anth'.
417 3865 464 3918 111.
482 3882 523 3932 72.
547 3865 648 3919 Nonius
673 3882 699 3918 v·
724 3863 820 3935 religio
844 3880 870 3932 p·
887 3865 949 3935 379.
971 3863 1060 3918 Varro
1076 3863 1278 3935 Anthropopoli
1296 3872 1356 3937 περὶ

252 3951 423 4027 moeoticum
440 3953 495 4021 (olii
511 3951 720 4024 ἄνθρωπουργίᾳ
737 3949 756 4022 ἢ
773 3960 833 4026 περὶ
850 3952 1017 4024 γενεθλίων).
1289 3985 1292 3990 >

320 4043 346 4099 α’.
365 4046 475 4094 demunt
491 4043 601 4111 animis]
620 4044 718 4094 animis
732 4045 841 4094 demunt
856 4041 947 4109 vulgo.

362 4129 517 4200 religiones]
542 4131 697 4202 relligiones
719 4133 809 4202 vulgo.
850 4129 914 4188 vid.
936 4130 1095 4185 Schneidcri
1118 4130 1180 4184 Lat.
1206 4129 1256 4182 Gr·
1281 4129 1304 4182 1.
1330 4146 1360 4180 os

201 4241 207 4254 ¹
253 4239 280 4289 p.
298 4222 358 4290 590·
1153 4248 1165 4281 s
1270 4265 1274 4274 .

318 4311 344 4360 5.
361 4325 414 4358 non
431 4309 508 4359 atria
525 4307 616 4358 diviti'
634 4308 735 4376 Crassi]
753 4327 807 4360 non
825 4311 921 4363 diuitis
937 4311 1034 4362 borrea
1045 4310 1137 4360 Croesi
1144 4308 1176 4359 Β.
1189 4326 1244 4360 nan
1261 4307 1360 4360 diuitis

254 4395 329 4448 atria
350 4399 439 4450 Graeci
456 4392 561 4446 Wakes.
585 4393 618 4444 ad
639 4394 749 4444 Lucret.
774 4396 814 4461 11,
837 4399 881 4448 42.
915 4397 1123 4464 Explicationem
1148 4395 1227 4448 huius
1249 4394 1305 4447 loci
1319 4410 1361 4448 ,ex
