2876 4824
564 215 767 328 A...

169 401 279 466 Nemo
300 398 525 466 melanurus
546 395 691 480 decoret,
712 419 773 464 nec
794 398 904 468 fimera
925 399 1001 467 fletu

213 506 317 572 Furio
360 507 448 571 cm?
470 501 575 570 volilo
594 503 686 573 vivu'
707 527 843 594 perora
865 504 985 570 virum.

243 760 285 844 Q.
326 759 437 828 Ennii
458 758 811 847 Hedypatlretieorum
823 759 1079 852 fragmentum.

169 866 330 934 Omnibus
354 877 391 932 ut
412 867 532 954 Clupea
552 874 686 952 praeolat
706 867 839 932 mustela
859 869 1003 950 marina3

170 972 283 1039 Mures
303 981 378 1038 sunt
398 969 526 1050 Aenid,
552 991 644 1058 capra
664 979 768 1036 ostrea
788 971 928 1059 plurima
950 975 1076 1064 Abydi,

169 1076 349 1163 Mytilenae
367 1087 415 1146 eat
433 1085 545 1166 pecten
564 1073 819 1163 charadrumque
840 1079 924 1167 apud
944 1078 1149 1148 Ambracia'i:

171 1181 477 1268 Brunduriieergus
496 1179 597 1248 bonus
617 1191 679 1246 cuz
712 1179 814 1267 huuc,
835 1207 970 1272 magnus
992 1188 1053 1254 erit
1070 1187 1108 1270 si,

91 1301 121 1364 5
173 1289 281 1356 Sume.
315 1286 488 1378 Aprlclum
508 1286 629 1375 piceum
648 1285 728 1356 sciro
746 1285 893 1375 primum
913 1313 979 1357 eree
1001 1291 1146 1358 Tarenti.

172 1393 338 1462 Sumentid
358 1393 486 1482 elopem
505 1389 555 1461 soe
575 1415 673 1477 emas,
692 1393 840 1479 glaucum
861 1395 902 1460 ad
924 1396 1054 1463 Cmnas.
1076 1395 1164 1482 Quid

170 1501 305 1564 Scamm
320 1497 485 1587 praeterii,
505 1497 673 1564 cerebrum
692 1496 775 1562 Iovi’
797 1523 879 1588 pene
899 1505 1053 1591 supremi,

173 1601 333 1688 (Nestoris
346 1603 386 1670 ad
397 1603 533 1693 patriam
545 1603 599 1670 hic
611 1604 733 1690 capitur
747 1627 943 1692 magnusque
954 1607 1131 1691 bonusque)

169 1709 387 1794 Melanumm,
408 1711 548 1791 turdum,
568 1710 790 1794 merulamque
804 1711 1016 1794 umbramque
1029 1711 1212 1778 marinam?

100 1829 151 1890 10
170 1815 309 1905 Polypu’
332 1818 513 1903 Corcyrae,
540 1813 679 1912 calvapia
699 1813 829 1899 pinguia
851 1823 988 1896 atarneo,
1180 1800 1183 1808 ⁴

171 1919 334 2010 Purpura,
354 1920 522 2003 muriculi,
544 1940 681 1998 murex,
703 1913 808 1982 dulces
827 1939 951 2004 quoque
973 1917 1088 1984 echini.

628 2068 688 2138 21.

527 2172 569 2254 Q·
610 2175 775 2242 Ennii

572 2279 605 2330 de
628 2278 762 2348 Scipione·

271 2367 409 2449 Desine,
431 2367 553 2449 Roma,
577 2379 646 2432 tuos
667 2367 771 2431 lrosles
778 2411 879 2431 ......

271 2475 360 2538 Nam
378 2471 436 2538 ribi
446 2471 645 2553 munimenta
661 2470 728 2535 mei
743 2493 896 2560 peperere
914 2472 1047 2538 labores.

271 2575 382 2642 'foetes
402 2588 474 2658 runt
498 2575 603 2664 campi
623 2575 734 2662 magni
758 2624 823 2640 ......

630 2709 688 2777 92.

524 2816 567 2898 Q.
610 2815 775 2882 Ennii

567 2921 600 2971 de
618 2920 709 2989 Scipio
728 2939 753 2974 e.

177 3003 339 3088 Quantam
358 3019 490 3073 statuam
510 3007 602 3073 saciet
623 3010 757 3097 populus
777 3009 956 3091 Romanus,

175 3109 335 3195 Quantam
356 3113 558 3192 columnam,
579 3133 731 3194 quaeres
752 3123 817 3174 ruas
839 3126 937 3196 gestas
958 3113 1112 3195 loquatur.

364 3372 367 3380 '
498 3367 549 3433 Μ.
568 3363 669 3432 Accii
689 3365 825 3436 Plauti.

176 3471 345 3557 Postquam
368 3483 413 3538 est
432 3484 571 3537 mortem
592 3487 680 3560 aptus
701 3471 844 3556 Plautus,
872 3472 1037 3538 comoedia
1056 3473 1148 3560 luget,

177 3576 276 3640 Scene
299 3590 344 3642 est
364 3577 500 3642 deserta:
530 3577 604 3642 (lein
624 3577 706 3644 risus
725 3577 811 3642 ludu'
831 3577 980 3664 iocmque

177 3682 219 3746 Et
235 3683 362 3749 numeri
377 3683 541 3748 innumeri
558 3683 656 3748 simul
676 3704 792 3748 omnes
809 3683 1083 3750 collacrumarunr.

628 3832 688 3904 24.

559 3941 611 4008 M.
632 3939 791 4009 Pacuvii.

180 4052 390 4137 Adulescens,
412 4054 539 4120 ramelei
557 4075 727 4142 properas,
757 4070 788 4122 te
808 4056 870 4121 hoo
888 4079 1002 4122 saxum
1022 4069 1120 4143 rogat,

178 4159 235 4226 Uti
258 4161 297 4225 ad
317 4183 351 4225 se
370 4159 533 4247 auspicius,
554 4160 677 4242 deinde,
699 4161 784 4246 quod
803 4161 956 4250 seriptum
977 4175 1032 4245 eal,
1052 4163 1144 4247 legas.

177 4265 242 4329 Hie
260 4278 333 4332 aaut
349 4277 458 4354 poetae
478 4266 598 4332 Paurvi
618 4266 723 4332 Marci
742 4266 803 4333 situ

177 4370 270 4437 Orsa»
313 4373 389 4438 Hoc
406 4373 571 4459 volebam,
597 4359 720 4440 nescius
740 4397 782 4440 ne
800 4395 892 4442 eones.
936 4371 1025 4437 Vale.
1147 4376 1150 4385 ⁴
