3002 4816
668 255 741 332 197

601 342 807 356 *—

652 455 735 534 559·
810 441 813 446 ’

575 544 820 631 Reposinni

473 627 634 680 Concubitus
651 628 742 680 Martia
759 638 786 678 et
802 628 924 680 Veneris.

4 379 20 432 b

4 431 12 740 l
230 713 353 779 Discite
372 737 498 780 securos
519 739 588 780 non
608 737 766 802 umquam
788 716 917 781 credere
939 737 1077 784 amores.

226 817 297 905 l'psa
319 817 448 902 Venus,
470 820 521 884 cui
541 821 674 886 flamma
696 833 828 908 notens,
850 819 903 884 cui
923 803 1038 897 militat
1059 821 1166 904 ardor,

226 922 317 1009 Quae
335 936 402 990 tuto
424 939 529 1014 posset
550 924 677 992 custode
698 924 859 1014 Cupidine
879 948 1001 1002 amare,

224 1029 318 1120 Quae
339 1029 430 1094 docet
451 1044 481 1096 et
502 1031 628 1096 [naiades
648 1041 679 1095 et
699 1053 850 1096 amorum
870 1028 954 1096 surta
975 1043 1086 1113 tuetur,

3 1059 9 1282 .
139 1144 162 1205 5
224 1132 298 1197 Nec
315 1133 523 1198 sibi'secmas
545 1134 647 1198 valuit
666 1133 820 1222 praebere
840 1136 985 1201 latebras.

3 1291 4 1294 ,
223 1234 366 1324 Inprobe
386 1237 465 1301 dure
485 1261 584 1326 puer,
602 1237 737 1302 crudelis
758 1237 896 1305 crimine
914 1241 1036 1320 matris,

3 1337 4 1344 '
223 1339 386 1430 Pompam
407 1341 510 1424 ducis,
536 1340 647 1408 Amor
666 1343 756 1408 nullo
773 1343 886 1424 ,satiate
906 1343 1083 1435 triumphe.

1 1370 21 1525 i
223 1443 320 1532 Quod
340 1437 496 1511 ¹conversa
520 1447 608 1512 Iovis
628 1447 754 1512 laetaris
775 1445 916 1513 fulmina
936 1471 1075 1532 semper,

221 1549 268 1616 Ut
284 1572 381 1636 mage.
398 1550 598 1617 flammantes
618 1553 721 1642 possis
743 1552 874 1616 laudare
892 1552 1028 1638 sagittas.

139 1668 180 1730 10
220 1655 337 1741 Iunge,
361 1678 456 1742 puer,
483 1666 604 1719 teretes.
622 1653 761 1720 Veneris
783 1655 960 1740 Martisque
982 1666 1120 1734 catenas3

221 1755 330 1824 Gestat
354 1781 464 1822 amans
485 1759 621 1824 Mavors
642 1759 766 1839 titulos,
793 1771 828 1823 et.
844 1759 973 1824 vincula
994 1770 1099 1846 portet

220 1864 392 1952 Captivus,
415 1884 511 1948 quem
530 1861 615 1926 bella
636 1862 770 1942 timent3
792 1875 886 1948 utque
908 1861 977 1950 ipse
1001 1862 1139 1948 veharis,

219 1969 291 2032 Iam
309 1965 414 2032 roseis
431 1963 499 2029 fera
521 1967 602 2030 colla
624 1965 707 2052 iugis
729 1965 891 2032 submittat
913 1976 1047 2030 amator.

219 2074 299 2137 Post
312 2069 447 2148 vulnus,
474 2082 547 2158 post
569 2071 652 2136 bella
673 2083 783 2159 potens
806 2067 972 2134 Gradivus
994 2068 1118 2133 anhelat

137 2189 178 2250 15
221 2180 261 2243 ln
282 2177 398 2241 castris·
411 2174 512 2239 modo
535 2175 597 2240 tiro
617 2175 696 2257 tuis,
725 2196 916 2262 semperque
936 2171 1096 2237 timendus

221 2284 272 2348 Te
292 2281 401 2365 timet,
430 2292 460 2344 et
480 2279 637 2366 sequitur,
666 2301 726 2364 qua
748 2277 865 2343 ducunt
884 2274 993 2340 vincla
1015 2275 1135 2342 mariti.

118 2389 120 2396 ’
217 2388 282 2468 Ite,
306 2407 440 2474 precor,
461 2383 591 2466 Musae,
619 2383 698 2446 dum
718 2382 829 2464 Mars,
861 2379 941 2444 d'um
962 2380 1077 2446 blanda
1098 2383 1240 2470 Cythera

217 2490 297 2555 Imis
318 2491 410 2555 ducta
430 2487 562 2554 trahunt
580 2486 717 2575 suspiria
737 2485 849 2551 crebra
876 2483 1037 2567 medullis,

212 2582 369 2681 ¹Dumque
387 2592 571 2659 intermixti
588 2602 727 2680 captatur
747 2589 876 2679 spiritus
898 2586 974 2668 oris,

133 2711 177 2770 20
218 2699 373 2775 Carmine
395 2698 578 2782 doctiloquo
601 2693 742 2758 Vulcani
760 2692 869 2756 vincla
888 2703 1008 2776 parate,

219 2802 312 2888 Quae
332 2801 479 2867 Martem
498 2810 641 2879 nectant,
668 2795 806 2861 Veneris
831 2818 891 2860 nec
913 2794 1042 2860 brachia
1062 2798 1195 2884 laedant,

218 2906 306 2970 Inter
330 2905 455 2970 divitias
476 2926 569 2968 roseo
590 2921 697 2988 prope
715 2899 818 2963 livida
840 2911 934 2964 se1t0.

217 3010 367 3095 Namque
386 3007 493 3072 fierunt
513 3005 672 3093 Paphien,
692 3001 835 3066 Vulcani
853 3017 883 3069 et
901 3005 1015 3068 Martis
1037 3026 1194 3087 amorem,

214 3114 302 3178 Inter
323 3111 513 3177 adulterium
533 3107 588 3171 vel
608 3106 681 3169 iusti
701 3105 772 3167 iura
792 3108 903 3171 mariti

132 3228 174 3292 25
216 3216 326 3282 Indice
344 3211 402 3281 sub
423 3213 554 3280 Phoebo
577 3223 702 3298 captam
723 3209 853 3296 gessisse
875 3221 1009 3275 catenas.

214 3323 275 3387 Illa
295 3344 394 3386 manu
415 3319 511 3384 duros
532 3338 634 3381 nexus
656 3313 742 3396 tulit,
762 3313 818 3377 illa
838 3315 947 3381 mariti

214 3429 331 3493 Ferrea
351 3425 461 3491 vincla
478 3421 539 3486 sui.
580 3417 671 3504 Quae
694 3415 741 3480 vis
765 3409 824 3484 fnit
845 3421 902 3487 ista
924 3421 1059 3486 doloris!

213 3530 271 3597 An
290 3530 410 3596 fortem
430 3525 564 3595 faciebat
581 3523 716 3588 Amor?
742 3521 849 3606 Quid,
874 3549 986 3608 saeve,
1013 3525 1159 3592 laboras?

214 3638 282 3702 cur
302 3636 405 3699 nodos
426 3629 566 3698 Veneris
583 3625 741 3713 Cyclopia
760 3626 892 3693 flamma
912 3631 1058 3718 paravit?

128 3756 172 3818 30
211 3743 272 3807 De·
287 3738 386 3806 roseis
408 3746 557 3800 connecte
577 3754 704 3810 manus,
732 3731 893 3817 Vulcane,
916 3733 1046 3815 eatenis,

210 3843 337 3910 Neo-u
358 3837 473 3903 deinde
489 3834 583 3922 ligea,
604 3835 659 3900 sed
680 3837 813 3901 blandus
833 3839 940 3902 vincla
962 3839 1098 3926 Cupido.

214 3947 267 4012 Ne
289 3947 413 4035 palmas
434 3942 515 4005 duro
536 3941 638 4005 nodus
658 3941 758 4005 modo
780 3943 914 4006 vuhrere
933 3943 1044 4006 laedat.

159 4040 161 4044 ’
206 4083 208 4086 ·
254 4055 364 4118 Lucus
385 4060 451 4114 erat
470 4045 570 4111 Marti
589 4058 710 4130 gratus,
731 4057 802 4134 post
821 4045 955 4140 uulnera
975 4043 1102 4109 Adonis

211 4160 317 4224 Pictus
338 4176 450 4218 amore
470 4151 556 4214 deae.
598 4149 633 4213 Si
657 4149 779 4214 Phoebi
796 4149 922 4213 lumina
941 4145 1052 4229 desint,

126 4275 172 4346 δί’)
214 4264 316 4327 Tutus
336 4254 504 4354 adulte1i0,
525 4251 638 4340 dignus
660 4277 756 4340 quem
776 4251 895 4340 Cypria
917 4261 1056 4331 sanaret,

211 4366 318 4450 Quem
339 4360 465 4448 Byblos
484 4359 614 4442 coleret,
636 4357 747 4445 dignus
769 4378 862 4442 quem
883 4354 995 4421 Gratia
1012 4361 1126 4418 servet.
