2994 4828
676 195 723 264 15

149 383 351 454 Metrophanes.
383 378 584 436 Hemietichium
599 381 757 449 pentametri
772 380 831 452 ipro
845 379 965 434 vocabuli
977 379 1030 436 fluo
1046 381 1184 452 terminari,
1199 402 1251 440 ue-

149 473 289 540 glexerunt
305 473 440 543 aliquando
455 479 551 540 poetae
567 469 652 538 graeci
669 489 698 523 ac
713 469 797 526 latini.
829 469 866 523 Et
875 479 983 540 propter
991 469 1076 541 ip'suru
1092 473 1142 525 hoe
1159 474 1251 529 vitium

150 569 236 613 toturn
253 579 354 614 vernum
378 561 504 614 Martialis
525 558 707 628 reprehendit.
742 559 820 612 Conf-
842 558 947 616 Santen.
970 561 1003 614 ad
1019 559 1206 616 Terentianum
1221 579 1255 634 p·

150 651 212 717 298.
228 649 373 704 Schneider
389 649 450 703 Lat.
469 649 517 702 Gr.
534 647 555 702 Ι.
574 666 598 702 ι.
615 666 643 718 p.
659 647 721 701 548.
736 675 773 688 -·
788 646 930 715 columella
941 650 993 703 boe
1003 650 1023 702 i.
1036 667 1061 706 e.
1078 651 1126 702 rub
1143 651 1191 703 bac
1203 670 1252 703 eo-

150 741 257 794 iumella
271 741 316 797 rol
331 742 424 811 cippo,
445 737 551 791 saluae.
567 734 681 805 improb.
697 733 823 791 Wernsd.
839 735 1083 795 Po.ue'u.v11.
1099 755 1128 812 p.
1143 741 1170 796 5.
1187 741 1252 795 edit.

149 825 271 886 rubine.

673 978 734 1049 32.

215 1116 296 1170 Anth.
307 1117 327 1176 1.
341 1116 367 1171 4.
380 1114 433 1168 Sed
447 1111 554 1170 exhibui
571 1131 604 1168 ex
613 1111 808 1185 Mytbograpbo
819 1111 912 1179 tertio,
927 1129 1005 1182 quem
1014 1112 1085 1171 in'l'.
1097 1113 1143 1170 111.
1156 1115 1254 1170 Claui-⁴

149 1221 239 1258 corum
255 1216 334 1260 auca.
352 1223 368 1258 e
384 1203 471 1258 Vatic-
488 1203 551 1257 Mae.
569 1204 703 1256 editorum
719 1203 754 1258 A.
770 1203 856 1256 dicius
873 1203 948 1256 dedit
969 1221 998 1274 p.
1018 1203 1093 1274 1⁶1„
1114 1205 1160 1260 ubi
1183 1207 1255 1277 legi·-

149 1301 205 1346 tur:
220 1296 383 1367 Plerumque
395 1295 480 1347 deus
496 1303 523 1346 et
535 1311 624 1348 unus
633 1294 647 1349 i
653 1295 672 1348 d
676 1311 791 1366 eraque
803 1311 858 1346 non
871 1293 958 1346 rotun
968 1293 1085 1348 divertis
1095 1297 1260 1368 noniniius‚'

150 1383 199 1432 eed
216 1391 243 1434 et
257 1386 361 1438 diverso
378 1401 411 1436 oo
426 1384 505 1436 rorio
520 1401 586 1437 eesu
607 1384 709 1438 dieitur
724 1381 804 1436 iuxta
820 1381 884 1435 iilos
901 1401 996 1436 omaus
1019 1384 1125 1438 Valerii
1141 1387 1256 1440 Serrani

147 1473 188 1523 Iu
193 1471 437 1538 ppiter-idens.
476 1469 645 1526 Emendatius
668 1489 744 1538 saue,
767 1487 842 1539 quem
864 1471 934 1538 opud
958 1470 1132 1539 Auguetinunr
1154 1471 1256 1540 iegitur

148 1556 207 1611 civ.
224 1559 287 1612 Dei.
303 1559 361 1626 vlt,
378 1575 409 1630 9:
441 1563 478 1614 In
494 1559 566 1614 bone
581 1561 746 1612 sententiam
769 1562 854 1613 etiarn
876 1563 1006 1630 quaedam
1029 1577 1122 1612 rer-rus
1149 1561 1255 1616 Valerii

137 1649 247 1722 *sorani
263 1652 372 1720 exponit
382 1652 452 1704 idern
467 1651 556 1704 rem
573 1649 603 1699 in
619 1665 650 1699 eo
667 1643 747 1713 libro,
763 1663 840 1718 quern
857 1665 976 1702 seorsum
994 1649 1029 1701 ab
1046 1649 1108 1702 istis
1127 1651 1160 1704 de
1176 1648 1253 1706 ouhu

148 1737 258 1820 deorrqrrr
275 1740 401 1807 scriptiis
418 1739 467 1806 qui
483 1751 579 1786 versus
594 1735 625 1785 lsi
641 1744 722 1787 sunt:

214 1828 385 1895 Iuppiter
402 1826 623 1892 omnipotens
639 1841 759 1894 regum
775 1819 960 1894 rerumque
977 1818 1139 1895 deinque

210 1914 435 1982 progenitor,
451 1911 681 1983 genitrixque
698 1904 807 1979 dein,
824 1913 906 1965 deus
922 1929 1014 1966 renus
1030 1921 1064 1968 et
1080 1915 1199 1972 omnis.

147 1999 327 2068 Exponuntur
343 2011 436 2052 autera
460 2002 490 2053 in
511 2003 601 2054 eodem
624 1999 709 2066 libro,
735 1999 779 2053 ita
801 2011 834 2054 ut
857 2017 917 2055 eum
937 2019 1039 2054 mareon
1059 2004 1257 2075 eeiesinarenr,

147 2083 197 2158 qui
212 2103 300 2142 semen
317 2089 459 2158 emitteret,
473 2089 615 2162 feminam,
635 2107 706 2160 quoe
722 2092 872 2160 occiperet5
888 2095 1032 2163 Iovemque
1050 2095 1254 2163 essemunduns,

147 2184 175 2227 et
191 2194 252 2229 eum
268 2181 358 2232 omnio
373 2182 478 2233 semino
494 2199 528 2234 ex
544 2199 573 2233 ee
589 2179 710 2234 emittere
726 2190 753 2234 et
770 2182 799 2232 in
816 2179 986 2250 reaccipere.
1021 2183 1082 2254 Qua
1097 2198 1191 2251 eausa,
1207 2185 1254 2237 in-

146 2267 217 2335 quit,
234 2268 345 2337 scripsit
360 2271 489 2334 Soranus,
505 2271 614 2339 Iupiter
633 2269 850 2341 progenitor
864 2269 1106 2340 genitrixque,
1134 2289 1182 2326 neo
1198 2275 1255 2326 mi-

146 2371 198 2406 nus
215 2373 274 2407 curs
291 2374 376 2409 eoueo
397 2373 480 2409 unum
496 2367 523 2410 et
540 2360 632 2414 omnia
648 2355 719 2414 idion
743 2373 816 2420 esser
837 2358 955 2409 mundus
979 2357 1052 2408 enin
1074 2373 1160 2426 renue,
1180 2363 1254 2416 etin

146 2459 177 2494 eo
191 2459 245 2495 uno
261 2446 353 2497 omnio
367 2454 442 2499 sunt.
973 2447 977 2454 ’

215 2546 239 2582 ι.
256 2548 344 2584 rerum
361 2551 506 2606 regumque
522 2529 651 2606 repertor]
663 2531 741 2602 Virg.
760 2532 794 2589 Δ.
813 2533 874 2601 xu,
891 2533 1026 2604 819.θῖΙί
1042 2530 1186 2588 subridens
1200 2538 1253 2590 bo-

144 2620 247 2672 minum
263 2639 403 2694 rerumque
423 2631 554 2695 repertor.
578 2650 614 2666 -
635 2640 739 2694 rerum,
761 2643 913 2698 regumque,
928 2619 1069 2694 Deumque
1090 2627 1254 2700 Progeniror

144 2709 234 2776 vulgo.

245 2797 353 2866 Iupiter
369 2795 537 2866 omnipotens
552 2812 645 2870 regurn
661 2815 709 2854 rex
725 2799 793 2870 ipee,
810 2793 949 2870 Dedssque

244 2884 408 2954 Progenitor

145 2970 179 3027 B.
196 2973 360 3046 improbante
377 2971 488 3024 Klotzio
503 2973 532 3027 iu
547 2973 681 3044 Autibr'p.
698 2975 741 3029 56.

705 3060 850 3137 Detnque

244 3152 407 3224 Progenitor
421 3151 579 3222 generisque
600 3145 688 3205 Derim

144 3241 175 3294 id
191 3241 377 3308 amiternum,
395 3233 602 3307 Oudendorpiue
618 3238 732 3294 inAdd.
755 3241 788 3294 Β.
807 3241 843 3294 Τ.
859 3241 894 3294 Π.
910 3259 938 3312 p.
958 3255 1018 3312 701.
1036 3243 1113 3311 prob.
1129 3243 1161 3298 B.
1195 3243 1258 3312 Sed,

144 3329 270 3386 Varronis
287 3330 342 3382 eive
360 3328 494 3396 Augustini
512 3329 595 3396 locus,
611 3330 658 3384 ubi
672 3330 742 3404 illei
756 3335 912 3404 progenitor
927 3333 1099 3404 genitrixque
1116 3331 1192 3392 derim
1207 3353 1253 3394 en-

146 3419 180 3471 tis
195 3419 348 3486 inuruntur,
366 3417 586 3486 Oudendorpium
602 3438 616 3473 a
632 3419 678 3476 tali
694 3421 840 3476 mutatione
855 3422 1001 3477 absterrere
1019 3421 1144 3480 debebat.

663 3573 725 3645 33.

211 3702 293 3758 Antii.
309 3703 357 3758 111.
374 3704 436 3760 245.
451 3705 521 3774 apud
528 3703 673 3761 Varronem
690 3709 724 3760 de
740 3707 819 3776 Ling.
830 3707 877 3764 let.
893 3725 922 3780 p·
938 3707 1000 3764 315.
1018 3708 1063 3762 ed.
1073 3708 1169 3781 Speng·
1179 3717 1249 3770 tios-

146 3809 205 3847 cum
220 3803 299 3847 retus
310 3810 367 3846 esee
382 3795 534 3866 significat,
552 3815 582 3848 eo
599 3799 696 3868 magis,
711 3796 848 3853 Manilius
865 3803 937 3870 quod
952 3800 997 3852 ait

262 3885 402 3936 Coscurn
419 3885 565 3938 duxisse
582 3905 717 3939 caecam
734 3905 800 3939 non
817 3885 980 3940 mirabile
996 3895 1065 3956 est,

261 3974 430 4044 Quoniam
447 3975 613 4026 corioras
630 3973 849 4044 conficiebat
864 3977 1022 4046 nuptias.

144 4061 257 4130 Spengel
274 4071 423 4130 corruptam
445 4063 526 4130 igitur
546 4062 686 4116 lectionem
708 4063 834 4126 retinetur
859 4065 904 4116 elii
926 4065 1007 4118 codd·
1029 4083 1185 4124 casmareot
1202 4066 1247 4118 rel

144 4151 289 4206 resumas
304 4154 440 4220 praebent,
458 4154 530 4221 quod
546 4153 678 4206 Reuwene
694 4152 722 4204 in
739 4151 893 4207 Coniectum.
911 4152 963 4210 litt.
979 4171 1006 4224 p.
1027 4155 1089 4219 143,
1108 4171 1186 4222 quern
1202 4171 1247 4203 se-

144 4247 216 4288 cutus
233 4258 297 4306 aum,
315 4259 347 4293 eo
366 4242 495 4308 defendit,
512 4250 543 4292 ut
558 4242 663 4308 nuptiae
682 4257 816 4294 caenareae
833 4259 882 4296 eoo
895 4253 997 4315 went,
1013 4259 1080 4313 quaa
1094 4241 1246 4311 antiquissi-

145 4326 257 4379 moritu
273 4346 322 4398 per
338 4332 569 4388 confarreationem
584 4331 684 4386 institui
701 4331 828 4388 uolebant.
919 4387 922 4396 Κ
