2992 4826
599 227 802 339 At...

126 388 143 414 l
187 419 275 488 Tam
296 413 419 492 murm
439 427 486 485 est
503 425 607 490 tacere
625 415 777 501 mullum,
798 437 896 506 quent
908 416 1034 487 malum
1047 431 1093 493 est
1112 419 1252 488 multum

187 630 274 697 Tam
296 626 421 696 malum
434 623 697 713 estferissmics,
718 521 960 716 quiiirlmmalum
980 639 1026 697 est
1044 649 1130 696 uxor
1150 628 1252 698 domi.

10 741 17 760 ‘
145 744 168 810 5
187 737 296 812 Nemo
317 758 386 804 non
406 735 485 803 haee
506 756 585 802 vera
606 733 699 818 dicit,
725 753 825 800 nemo
843 744 1042 833 noncontra
1062 730 1147 804 iacit.

653 883 743 954 eto·

618 987 681 1057 ΕΖ
693 1011 713 1054 ο
727 990 783 1057 ri.

228 1105 385 1176 Consusles
405 1105 488 1175 finnt
507 1105 677 1195 quotannis
695 1115 727 1170 et
744 1103 826 1172 novi
844 1104 1068 1197 proconsulem

228 1211 322 1284 Solus
344 1223 398 1282 sut
416 1236 480 1284 rex
500 1223 553 1280 aut
575 1222 670 1298 poeta
688 1232 756 1279 non
777 1210 945 1302 quotannis
966 1207 1116 1277 nascitur.

520 1357 524 1386 '
631 1432 634 1444 ,
656 1362 743 1435 221·

359 1559 361 1564 ,
619 1463 682 1534 ΡΖ
692 1492 712 1534 o
723 1491 743 1536 r
756 1467 782 1537 ἰ.

227 1581 394 1660 Venerunt
414 1583 583 1674 aliquando
602 1605 706 1651 rosae.
744 1581 834 1651 Proh
853 1581 941 1649 reris
962 1581 1091 1648 amoeni

225 1688 412 1775 Ingenium!
442 1713 504 1756 una
529 1689 597 1756 dies
619 1685 756 1755 ostendit
774 1686 895 1777 spicula
915 1687 1049 1768 florum,

227 1791 341 1860 Altera
360 1794 552 1882 pyramidas
572 1793 662 1860 nodo
682 1793 808 1860 maiore
826 1801 994 1875 tumentes,
1169 1857 1174 1880 Ι

227 1897 340 1966 Tertia
360 1899 429 1965 iam
449 1900 606 1983 calama,
634 1909 739 1964 totum
758 1897 817 1964 lux
837 1907 946 1984 quarta
966 1893 1088 1985 peregit

142 2011 165 2077 5
226 2002 335 2072 Floria
357 2024 447 2092 opus.
488 2003 628 2072 Pereunt
643 2000 759 2088 hodie,
777 2000 842 2070 nisi
861 2023 957 2068 mene
976 2001 1129 2089 legantur.

456 2257 608 2351 &sipicie'
633 2251 944 2347 Carthaginiensis.
1134 2348 1135 2352 Ἰ

225 2371 360 2441 Iusserat
379 2373 459 2442 haec
477 2374 597 2465 rapidis
619 2372 742 2442 aboleri
764 2371 908 2438 earmina
927 2371 1071 2439 flammis

196 2489 197 2494 ’
269 2477 444 2568 Virgilius,
466 2479 650 2569 Phrygium
672 2502 752 2569 quae
773 2477 917 2544 cecinere
938 2477 1065 2546 ducem.

225 2583 334 2650 Tucca
355 2597 441 2652 vetat
460 2585 641 2674 Variusque
660 2586 778 2652 simule
805 2595 855 2668 tu,
876 2581 1023 2650 maxime
1045 2583 1172 2669 Caesar,

270 2691 350 2757 Non
370 2689 450 2756 sinis
472 2703 504 2756 et
522 2692 635 2758 Latiae
655 2690 793 2758 consulis
814 2688 976 2761 historiae.

140 2802 164 2869 5
224 2791 345 2862 Infelix
368 2796 499 2884 gemino
522 2795 636 2863 cecidit
653 2820 757 2888 prope
777 2797 951 2882 Pergamos
972 2791 1050 2882 igni,

269 2902 311 2968 Et
332 2925 418 2993 pene
437 2913 484 2969 est
504 2902 568 2970 ulio
589 2903 693 2970 Troia
713 2915 853 2969 cremata
873 2921 965 2985 rogos
995 2967 997 2971 .

469 3137 933 3242 sensatecraenagsneensa
1062 3195 1068 3211 ,

447 3266 598 3329 argmenta
618 3255 647 3313 in
664 3255 771 3324 Virgilii
793 3255 951 3312 Aeneidem.

229 3465 338 3532 Arma
358 3466 531 3553 virumque
551 3463 636 3530 canit
655 3475 742 3530 vates
764 3462 896 3530 lunonis
918 3463 960 3531 ob
980 3463 1067 3532 iram

224 3569 267 3636 Et
289 3581 392 3636 totum
412 3569 539 3637 Aeoliis
559 3570 719 3662 turbatum
739 3564 885 3636 fluctibus
905 3593 1034 3658 aequor,
1064 3651 1066 3656 ι

227 3672 383 3741 Disiectas
404 3679 515 3742 classes
534 3676 761 3762 submersaque
781 3693 918 3766 corpora
938 3690 1050 3767 ponto,'

221 3779 419 3868 ‘Hospitium
442 3781 564 3865 Didus,
586 3804 675 3847 casus
695 3802 758 3868 quo
776 3781 878 3866 gentis
901 3794 932 3849 et
952 3806 1054 3850 annos

137 3894 163 3960 5
227 3884 355 3954 Aeneas
377 3885 499 3951 Troiae
520 3884 682 3976 fatumque
702 3898 732 3953 et
755 3885 839 3952 bella
859 3885 1004 3956 referret.

88 4003 91 4018 “·
228 3990 381 4078 Quorum
402 4013 475 4080 pars
497 4003 615 4076 terrae,
637 3993 749 4083 pelago
769 4017 844 4085 pars
864 3993 969 4062 addita
989 3989 1094 4062 famae
1114 3995 1178 4062 est·v

676 4120 721 4187 Π.

228 4221 417 4290 Conticuere
438 4245 552 4290 omnes
577 4223 751 4314 intentique
772 4186 830 4292 ore
849 4226 1007 4316 loquentis

231 4329 300 4396 Ora
319 4341 437 4406 tenent.
479 4329 622 4400 Actum
644 4332 735 4400 dolus
755 4323 967 4404 mnoducitur
987 4331 1086 4400 hostis
1115 4405 1121 4414 .
