2992 4826
577 237 783 342 „gc-

287 427 425 492 Nostros
447 424 630 491 dividerem
649 423 788 494 libenter
809 451 921 496 annos.

287 533 383 599 Nunc
402 553 477 620 pars
500 530 623 619 optima
643 553 700 598 me
719 531 788 602 mei
807 533 947 623 reliquit,

285 639 434 728 Crispus,
455 635 653 725 praesidium
672 659 802 720 meum,
822 638 980 728 voluptas,
1046 639 1052 661 ³

285 745 414 828 Pectus,
435 740 581 808 deliciae:
603 739 685 806 nihil
706 741 777 807 sine
798 740 856 808 illo

283 849 422 914 Laetum
440 871 532 914 mens
553 868 627 911 mea
647 845 714 911 iam
735 846 857 935 putabit
876 871 953 914 esse.

285 954 479 1020 consumtus
500 953 587 1018 male
607 949 782 1038 debilisque
804 951 941 1018 vivam:

284 1057 362 1125 Plus
383 1079 480 1146 quam
505 1055 678 1124 dimidium
699 1053 767 1122 mei
785 1054 929 1124 recessit!

634 1292 719 1364 137·

487 1399 534 1466 L.
548 1395 688 1467 Annaei
705 1397 862 1469 Senecae.

205 1531 355 1621 Quisquis
377 1559 429 1616 es,
450 1547 480 1602 et
500 1558 623 1602 nomen
643 1536 767 1602 dicam:
799 1533 893 1602 dolor
915 1533 1027 1602 omnia
1047 1535 1148 1623 cogis!

245 1638 312 1726 Qui
330 1653 479 1708 nostrum
500 1640 644 1707 cinerem
664 1663 766 1724 nuuc,
794 1637 943 1722 inimice,
970 1637 1104 1730 premis,

202 1745 245 1812 Et
264 1768 333 1810 non
352 1757 515 1811 contentus
536 1747 628 1812 tantis
650 1746 823 1834 subitisque
842 1742 946 1808 ruinis

13 1887 16 1942 Ι
245 1848 380 1934 Stringis
398 1848 435 1914 in
455 1849 633 1916 extinctum
653 1849 715 1916 tela
736 1857 865 1912 cruente
888 1859 990 1934 caput,

113 1957 136 2020 5
204 1953 310 2020 Crede
330 1952 433 2032 mihi,
457 1952 544 2018 vires
563 1956 681 2040 aliquas
703 1963 814 2017 natura
835 1951 1012 2040 sepulchris

13 2047 14 2054 ἵ
246 2055 423 2126 Adtribuit.
465 2057 625 2122 Tumulos
647 2056 788 2124 vindicat
809 2056 926 2122 umbra
946 2079 1031 2124 suos.

202 2166 293 2254 Ipsos
316 2160 410 2225 crede
434 2162 509 2226 deos
529 2162 593 2227 hoc
612 2184 700 2226 nunc
720 2160 778 2227 tibi
800 2160 921 2246 dicere,
941 2162 1041 2248 livor,

240 2269 315 2334 Hoc
335 2264 396 2330 tibi
417 2288 502 2330 nunc
522 2289 633 2334 manes
655 2267 762 2334 dicere
783 2267 878 2334 crede
896 2288 1007 2334 meos:

201 2373 265 2439 Res
288 2381 334 2436 est
354 2392 441 2436 sacra
462 2368 579 2437 misere
607 2372 676 2442 noli
697 2396 769 2439 mea
791 2383 921 2458 tangere
941 2369 1013 2438 fata.

11 2445 17 2590 i
112 2486 159 2556 10
243 2475 419 2565 Sacrilegee
437 2474 536 2542 bustis
557 2475 736 2545 abstinuere
755 2501 881 2546 manus.

11 2773 17 2910 i
482 2822 528 2890 L.
542 2713 860 2890 AEnbiigbeueeuess

11 2925 15 3070 i
199 2957 354 3024 Carmine
374 2955 545 3024 mortifero
565 2971 620 3024 tua
639 2970 713 3024 sunt
730 2957 849 3024 suffusa
868 2965 1008 3044 veneno,

241 3061 289 3130 At
308 3075 382 3128 sunt
401 3059 597 3126 carminibus
617 3073 747 3148 pectora
766 3060 859 3146 nigra
879 3061 992 3146 magis.

197 3165 308 3232 Nemo
329 3178 398 3230 tuos
420 3163 536 3249 fugiet,
556 3183 625 3226 non
645 3161 717 3244 vir,
744 3185 813 3228 non
833 3161 956 3228 femina
978 3162 1097 3248 dentes,

242 3269 338 3336 Haud
358 3292 455 3359 puer,
480 3266 568 3334 haud
587 3279 668 3334 aetas
688 3267 829 3355 undique
848 3278 912 3336 tuta
932 3266 1028 3336 senis.

108 3386 135 3452 5
198 3374 305 3463 thue
325 3371 435 3440 furens
455 3385 534 3441 totas
554 3373 689 3442 inmittit
708 3398 785 3442 saxa
805 3398 865 3465 per
880 3375 975 3442 urbes
1033 3445 1037 3454 ,
1064 3431 1067 3438 .

240 3484 280 3548 In
300 3481 473 3571 populum,
503 3480 551 3547 sic
570 3494 605 3548 tu
624 3481 726 3548 verbs
748 3481 889 3569 maligna
909 3479 997 3547 iacis.
1041 3523 1043 3526 -

197 3585 259 3653 Sed
285 3589 365 3652 solet
383 3586 512 3652 insanos
533 3587 668 3676 populus
691 3609 882 3677 conpescere
903 3609 1007 3672 samse,

240 3694 450 3782 Eq'repeumt
468 3704 595 3760 motum
615 3716 691 3760 saxa
710 3694 845 3760 remissa
866 3705 968 3782 caput.

197 3801 238 3866 In
256 3811 288 3864 te
306 3820 393 3864 nunc
415 3797 542 3885 stringit
560 3801 664 3866 nullus
685 3823 754 3868 non
778 3799 922 3866 carmina
942 3809 1040 3884 vates,

110 3919 156 3982 10
241 3905 341 3991 Inque
360 3913 449 3968 tuam
469 3901 594 3970 rabiem
612 3907 741 3995 publico
760 3907 855 3973 Musa
873 3904 961 3972 furit.

196 4011 288 4080 Dum
309 4030 364 4073 sua
385 4009 565 4098 conpositus
586 4012 836 4079 noudumbene
857 4011 995 4080 concutit
1013 4013 1116 4089 erma]

240 4115 354 4199 Miles,
382 4124 416 4178 et
436 4136 461 4178 e
473 4128 582 4184 nostra
602 4116 711 4182 lancea
730 4129 813 4184 torta
833 4139 942 4204 manu,

197 4222 305 4288 Bellus
325 4220 444 4307 homo,
462 4205 498 4287 ¹et
517 4220 624 4288 valide
642 4222 784 4311 capitalia
805 4223 942 4290 crimina
962 4223 1057 4307 ludis,

146 4428 173 4483 Τ
239 4327 351 4416 Deque
366 4327 427 4396 tuis
447 4339 579 4396 manent
598 4339 664 4398 atre
687 4351 809 4400 venena
828 4325 918 4397 iocis.

174 4429 219 4486 ,u
758 4429 768 4463 ¹
992 4433 1015 4500 4
