<?xml version="1.0" encoding="UTF-8"?>
<!DOCTYPE html PUBLIC "-//W3C//DTD XHTML 1.0 Transitional//EN"
    "http://www.w3.org/TR/xhtml1/DTD/xhtml1-transitional.dtd">
<html xmlns="http://www.w3.org/1999/xhtml" xml:lang="en" lang="en">
 <head>
  <title>
</title>
<meta http-equiv="Content-Type" content="text/html;charset=utf-8" />
  <meta name='ocr-system' content='tesseract 3.04.00' />
  <meta name='ocr-capabilities' content='ocr_page ocr_carea ocr_par ocr_line ocrx_word'/>
</head>
<body>
  <div class='ocr_page' id='page_1' title='image "./anthologiaveter00burmgoog_0326.png"; bbox 0 0 2994 4828; ppageno 0'>
   <div class='ocr_carea' id='block_1_1' title="bbox 624 207 830 318">
    <p class='ocr_par' dir='ltr' id='par_1_1' title="bbox 624 207 830 318">
     <span class='ocr_line' id='line_1_1' title="bbox 624 207 830 318; baseline 0 -34"><span class='ocrx_word' id='word_1_1' title='bbox 624 207 830 318; x_wconf 60' lang='lat'><strong>...⁹92-</strong></span> 
     </span>
    </p>
   </div>
   <div class='ocr_carea' id='block_1_2' title="bbox 168 393 1120 912">
    <p class='ocr_par' dir='ltr' id='par_1_2' title="bbox 548 393 832 472">
     <span class='ocr_line' id='line_1_2' title="bbox 548 393 832 472; baseline 0.007 -16"><span class='ocrx_word' id='word_1_2' title='bbox 548 393 554 408; x_wconf 86' lang='grc'><em>’</em></span> <span class='ocrx_word' id='word_1_3' title='bbox 624 401 709 456; x_wconf 78' lang='lat' dir='ltr'><strong>Liber</strong></span> <span class='ocrx_word' id='word_1_4' title='bbox 724 404 832 472; x_wconf 83' lang='lat' dir='ltr'><strong>primus.</strong></span> 
     </span>
    </p>

    <p class='ocr_par' dir='ltr' id='par_1_3' title="bbox 168 483 1120 912">
     <span class='ocr_line' id='line_1_3' title="bbox 168 483 1088 590; baseline 0.002 -22"><span class='ocrx_word' id='word_1_5' title='bbox 168 511 190 574; x_wconf 77' lang='lat'><em>5</em></span> <span class='ocrx_word' id='word_1_6' title='bbox 257 501 344 590; x_wconf 83' lang='lat' dir='ltr'>Quid</span> <span class='ocrx_word' id='word_1_7' title='bbox 365 502 458 570; x_wconf 77' lang='lat' dir='ltr'><strong>faciat</strong></span> <span class='ocrx_word' id='word_1_8' title='bbox 478 504 574 570; x_wconf 67' lang='lat' dir='ltr'><strong>laetas</strong></span> <span class='ocrx_word' id='word_1_9' title='bbox 594 483 729 590; x_wconf 71' lang='lat' dir='ltr'><strong>segetes,</strong></span> <span class='ocrx_word' id='word_1_10' title='bbox 757 525 837 588; x_wconf 86' lang='lat' dir='ltr'><strong>quae</strong></span> <span class='ocrx_word' id='word_1_11' title='bbox 855 502 960 570; x_wconf 82' lang='lat' dir='ltr'><strong>sidera</strong></span> <span class='ocrx_word' id='word_1_12' title='bbox 981 501 1088 570; x_wconf 63' lang='lat' dir='ltr'><strong>servet</strong></span> 
     </span>
     <span class='ocr_line' id='line_1_4' title="bbox 250 605 1120 695; baseline 0.003 -22"><span class='ocrx_word' id='word_1_13' title='bbox 250 605 421 694; x_wconf 84' lang='lat' dir='ltr'><strong>Agricola,</strong></span> <span class='ocrx_word' id='word_1_14' title='bbox 450 621 485 674; x_wconf 83' lang='lat' dir='ltr'><strong>ut</strong></span> <span class='ocrx_word' id='word_1_15' title='bbox 505 607 635 674; x_wconf 80' lang='lat' dir='ltr'><strong>facilem</strong></span> <span class='ocrx_word' id='word_1_16' title='bbox 655 619 776 672; x_wconf 78' lang='lat' dir='ltr'><strong>temam</strong></span> <span class='ocrx_word' id='word_1_17' title='bbox 796 608 978 695; x_wconf 73' lang='lat' dir='ltr'><strong>proscindat</strong></span> <span class='ocrx_word' id='word_1_18' title='bbox 991 610 1120 693; x_wconf 80' lang='lat' dir='ltr'><strong>aratris,</strong></span> 
     </span>
     <span class='ocr_line' id='line_1_5' title="bbox 250 710 1119 800; baseline 0.005 -24"><span class='ocrx_word' id='word_1_19' title='bbox 250 713 381 780; x_wconf 83' lang='lat' dir='ltr'>Semina</span> <span class='ocrx_word' id='word_1_20' title='bbox 402 738 465 800; x_wconf 93' lang='lat' dir='ltr'><strong>quo</strong></span> <span class='ocrx_word' id='word_1_21' title='bbox 486 710 628 778; x_wconf 88' lang='lat' dir='ltr'><strong>iacienda</strong></span> <span class='ocrx_word' id='word_1_22' title='bbox 649 713 769 792; x_wconf 88' lang='lat' dir='ltr'><strong>modo,</strong></span> <span class='ocrx_word' id='word_1_23' title='bbox 791 713 951 800; x_wconf 73' lang='lat' dir='ltr'><strong>cultusque</strong></span> <span class='ocrx_word' id='word_1_24' title='bbox 970 716 1119 780; x_wconf 86' lang='lat' dir='ltr'><strong>locorum</strong></span> 
     </span>
     <span class='ocr_line' id='line_1_6' title="bbox 249 817 1063 912; baseline 0.002 -28"><span class='ocrx_word' id='word_1_25' title='bbox 249 817 291 884; x_wconf 83' lang='lat' dir='ltr'><strong>Et</strong></span> <span class='ocrx_word' id='word_1_26' title='bbox 310 841 429 912; x_wconf 81' lang='lat' dir='ltr'><strong>messes</strong></span> <span class='ocrx_word' id='word_1_27' title='bbox 452 817 559 884; x_wconf 88' lang='lat' dir='ltr'><strong>docuit</strong></span> <span class='ocrx_word' id='word_1_28' title='bbox 579 839 698 904; x_wconf 83' lang='lat' dir='ltr'><strong>magno</strong></span> <span class='ocrx_word' id='word_1_29' title='bbox 723 818 805 883; x_wconf 92' lang='lat' dir='ltr'><strong>olim</strong></span> <span class='ocrx_word' id='word_1_30' title='bbox 826 817 938 909; x_wconf 82' lang='lat' dir='ltr'><strong>fenore</strong></span> <span class='ocrx_word' id='word_1_31' title='bbox 959 819 1063 886; x_wconf 85' lang='lat' dir='ltr'><strong>reddi.</strong></span> 
     </span>
    </p>
   </div>
   <div class='ocr_carea' id='block_1_3' title="bbox 509 951 841 1008">
    <p class='ocr_par' dir='ltr' id='par_1_4' title="bbox 509 951 841 1008">
     <span class='ocr_line' id='line_1_7' title="bbox 509 951 841 1008; baseline 0.018 -8"><span class='ocrx_word' id='word_1_32' title='bbox 509 963 521 988; x_wconf 75' lang='lat'><em>⁷</em></span> <span class='ocrx_word' id='word_1_33' title='bbox 601 951 685 1002; x_wconf 87' lang='lat' dir='ltr'><strong>Liber</strong></span> <span class='ocrx_word' id='word_1_34' title='bbox 704 953 841 1008; x_wconf 74' lang='lat' dir='ltr'><strong>secundus.</strong></span> 
     </span>
    </p>
   </div>
   <div class='ocr_carea' id='block_1_4' title="bbox 164 1049 1193 1458">
    <p class='ocr_par' dir='ltr' id='par_1_5' title="bbox 248 1049 1005 1139">
     <span class='ocr_line' id='line_1_8' title="bbox 248 1049 1005 1139; baseline 0.011 -25"><span class='ocrx_word' id='word_1_35' title='bbox 248 1051 410 1116; x_wconf 74' lang='lat' dir='ltr'>Hactenus</span> <span class='ocrx_word' id='word_1_36' title='bbox 431 1073 589 1117; x_wconf 83' lang='lat' dir='ltr'><strong>arvomm</strong></span> <span class='ocrx_word' id='word_1_37' title='bbox 611 1051 710 1117; x_wconf 80' lang='lat' dir='ltr'><strong>cultus</strong></span> <span class='ocrx_word' id='word_1_38' title='bbox 732 1062 766 1116; x_wconf 90' lang='lat' dir='ltr'><strong>et</strong></span> <span class='ocrx_word' id='word_1_39' title='bbox 785 1049 889 1120; x_wconf 86' lang='lat' dir='ltr'><strong>sidera</strong></span> <span class='ocrx_word' id='word_1_40' title='bbox 912 1057 1005 1139; x_wconf 88' lang='lat' dir='ltr'><strong>coeli,&#39;</strong></span> 
     </span>
    </p>

    <p class='ocr_par' dir='ltr' id='par_1_6' title="bbox 164 1143 1193 1458">
     <span class='ocr_line' id='line_1_9' title="bbox 164 1143 1118 1247; baseline 0.002 -24"><span class='ocrx_word' id='word_1_41' title='bbox 164 1167 206 1228; x_wconf 86' lang='lat'><strong>10</strong></span> <span class='ocrx_word' id='word_1_42' title='bbox 247 1143 440 1243; x_wconf 78' lang='lat' dir='ltr'><strong>Pampineas</strong></span> <span class='ocrx_word' id='word_1_43' title='bbox 461 1156 545 1222; x_wconf 80' lang='lat' dir='ltr'><strong>canit</strong></span> <span class='ocrx_word' id='word_1_44' title='bbox 572 1155 648 1222; x_wconf 89' lang='lat' dir='ltr'><strong>inde</strong></span> <span class='ocrx_word' id='word_1_45' title='bbox 669 1179 777 1222; x_wconf 85' lang='lat' dir='ltr'><strong>comas</strong></span> <span class='ocrx_word' id='word_1_46' title='bbox 798 1160 956 1247; x_wconf 88' lang='lat' dir='ltr'><strong>collesque</strong></span> <span class='ocrx_word' id='word_1_47' title='bbox 977 1160 1118 1228; x_wconf 77' lang='lat' dir='ltr'><strong>virentes</strong></span> 
     </span>
     <span class='ocr_line' id='line_1_10' title="bbox 247 1261 979 1352; baseline -0.003 -20"><span class='ocrx_word' id='word_1_48' title='bbox 247 1262 492 1351; x_wconf 77' lang='lat' dir='ltr'><strong>Deseriplasque</strong></span> <span class='ocrx_word' id='word_1_49' title='bbox 512 1261 591 1328; x_wconf 88' lang='lat' dir='ltr'><strong>locis</strong></span> <span class='ocrx_word' id='word_1_50' title='bbox 610 1263 692 1330; x_wconf 79' lang='lat' dir='ltr'><strong>viles</strong></span> <span class='ocrx_word' id='word_1_51' title='bbox 715 1276 745 1329; x_wconf 81' lang='lat' dir='ltr'><strong>el</strong></span> <span class='ocrx_word' id='word_1_52' title='bbox 766 1263 850 1328; x_wconf 89' lang='lat' dir='ltr'><strong>dona</strong></span> <span class='ocrx_word' id='word_1_53' title='bbox 874 1265 979 1352; x_wconf 87' lang='lat' dir='ltr'><strong>Lyaei</strong></span> 
     </span>
     <span class='ocr_line' id='line_1_11' title="bbox 247 1366 1193 1458; baseline 0.002 -25"><span class='ocrx_word' id='word_1_54' title='bbox 247 1366 357 1455; x_wconf 80' lang='lat' dir='ltr'>Atque</span> <span class='ocrx_word' id='word_1_55' title='bbox 378 1369 482 1452; x_wconf 90' lang='lat' dir='ltr'><strong>oleae,</strong></span> <span class='ocrx_word' id='word_1_56' title='bbox 511 1379 542 1432; x_wconf 85' lang='lat' dir='ltr'><strong>et</strong></span> <span class='ocrx_word' id='word_1_57' title='bbox 561 1390 670 1433; x_wconf 85' lang='lat' dir='ltr'><strong>ramos</strong></span> <span class='ocrx_word' id='word_1_58' title='bbox 691 1391 869 1458; x_wconf 89' lang='lat' dir='ltr'><strong>pomorum</strong></span> <span class='ocrx_word' id='word_1_59' title='bbox 890 1394 931 1437; x_wconf 82' lang='lat' dir='ltr'><strong>ex</strong></span> <span class='ocrx_word' id='word_1_60' title='bbox 952 1371 1067 1436; x_wconf 86' lang='lat' dir='ltr'><strong>ordine</strong></span> <span class='ocrx_word' id='word_1_61' title='bbox 1086 1372 1193 1436; x_wconf 77' lang='lat' dir='ltr'><strong>lectos.</strong></span> 
     </span>
    </p>
   </div>
   <div class='ocr_carea' id='block_1_5' title="bbox 164 1501 1212 1981">
    <p class='ocr_par' dir='ltr' id='par_1_7' title="bbox 164 1501 1212 1981">
     <span class='ocr_line' id='line_1_12' title="bbox 612 1501 821 1554; baseline -0.005 0"><span class='ocrx_word' id='word_1_62' title='bbox 612 1501 698 1554; x_wconf 83' lang='lat' dir='ltr'><strong>Liber</strong></span> <span class='ocrx_word' id='word_1_63' title='bbox 716 1503 821 1554; x_wconf 81' lang='lat' dir='ltr'><strong>tertius.</strong></span> 
     </span>
     <span class='ocr_line' id='line_1_13' title="bbox 244 1600 1212 1688; baseline -0.001 -21"><span class='ocrx_word' id='word_1_64' title='bbox 244 1604 372 1688; x_wconf 87' lang='lat' dir='ltr'>Teque,</span> <span class='ocrx_word' id='word_1_65' title='bbox 392 1600 499 1684; x_wconf 85' lang='lat' dir='ltr'><strong>Pales,</strong></span> <span class='ocrx_word' id='word_1_66' title='bbox 527 1613 557 1666; x_wconf 83' lang='lat' dir='ltr'><strong>et</strong></span> <span class='ocrx_word' id='word_1_67' title='bbox 578 1612 623 1681; x_wconf 77' lang='lat' dir='ltr'><strong>le,</strong></span> <span class='ocrx_word' id='word_1_68' title='bbox 643 1611 752 1686; x_wconf 75' lang='lat' dir='ltr'><strong>pastor</strong></span> <span class='ocrx_word' id='word_1_69' title='bbox 772 1601 987 1666; x_wconf 77' lang='lat' dir='ltr'><strong>memorande</strong></span> <span class='ocrx_word' id='word_1_70' title='bbox 1007 1623 1066 1688; x_wconf 86' lang='lat' dir='ltr'><strong>per</strong></span> <span class='ocrx_word' id='word_1_71' title='bbox 1086 1601 1212 1683; x_wconf 88' lang='lat' dir='ltr'><strong>orbem,</strong></span> 
     </span>
     <span class='ocr_line' id='line_1_14' title="bbox 244 1703 1050 1794; baseline -0.006 -22"><span class='ocrx_word' id='word_1_72' title='bbox 244 1708 287 1772; x_wconf 82' lang='lat' dir='ltr'><strong>Et</strong></span> <span class='ocrx_word' id='word_1_73' title='bbox 306 1729 461 1794; x_wconf 87' lang='lat' dir='ltr'><strong>pecorum</strong></span> <span class='ocrx_word' id='word_1_74' title='bbox 483 1706 583 1768; x_wconf 86' lang='lat' dir='ltr'><strong>cultus</strong></span> <span class='ocrx_word' id='word_1_75' title='bbox 604 1714 634 1767; x_wconf 82' lang='lat' dir='ltr'><strong>el</strong></span> <span class='ocrx_word' id='word_1_76' title='bbox 656 1703 804 1788; x_wconf 83' lang='lat' dir='ltr'><strong>gramine</strong></span> <span class='ocrx_word' id='word_1_77' title='bbox 823 1727 937 1792; x_wconf 84' lang='lat' dir='ltr'><strong>pascua</strong></span> <span class='ocrx_word' id='word_1_78' title='bbox 961 1705 1050 1784; x_wconf 77' lang='lat' dir='ltr'><strong>laeta,</strong></span> 
     </span>
     <span class='ocr_line' id='line_1_15' title="bbox 164 1805 1151 1898; baseline -0.002 -25"><span class='ocrx_word' id='word_1_79' title='bbox 164 1823 204 1884; x_wconf 82' lang='lat'><strong>15</strong></span> <span class='ocrx_word' id='word_1_80' title='bbox 246 1811 329 1895; x_wconf 90' lang='lat' dir='ltr'><strong>Quis</strong></span> <span class='ocrx_word' id='word_1_81' title='bbox 350 1810 491 1873; x_wconf 75' lang='lat' dir='ltr'><strong>habitent</strong></span> <span class='ocrx_word' id='word_1_82' title='bbox 511 1818 655 1872; x_wconf 83' lang='lat' dir='ltr'><strong>armenta</strong></span> <span class='ocrx_word' id='word_1_83' title='bbox 674 1805 769 1889; x_wconf 85' lang='lat' dir='ltr'><strong>locis,</strong></span> <span class='ocrx_word' id='word_1_84' title='bbox 795 1808 988 1874; x_wconf 84' lang='lat' dir='ltr'><strong>slabulentur</strong></span> <span class='ocrx_word' id='word_1_85' title='bbox 1009 1821 1040 1873; x_wconf 88' lang='lat' dir='ltr'><strong>et</strong></span> <span class='ocrx_word' id='word_1_86' title='bbox 1059 1810 1151 1898; x_wconf 66' lang='lat' dir='ltr'><strong>agnis</strong></span> 
     </span>
     <span class='ocr_line' id='line_1_16' title="bbox 244 1909 1000 1981; baseline -0.003 0"><span class='ocrx_word' id='word_1_87' title='bbox 244 1913 367 1981; x_wconf 88' lang='lat' dir='ltr'><strong>Omnia</strong></span> <span class='ocrx_word' id='word_1_88' title='bbox 384 1910 501 1976; x_wconf 81' lang='lat' dir='ltr'><strong>divino</strong></span> <span class='ocrx_word' id='word_1_89' title='bbox 524 1909 717 1977; x_wconf 75' lang='lat' dir='ltr'><strong>monstravit</strong></span> <span class='ocrx_word' id='word_1_90' title='bbox 737 1912 881 1977; x_wconf 83' lang='lat' dir='ltr'><strong>carmine</strong></span> <span class='ocrx_word' id='word_1_91' title='bbox 902 1925 1000 1980; x_wconf 84' lang='lat' dir='ltr'><strong>vates.</strong></span> 
     </span>
    </p>
   </div>
   <div class='ocr_carea' id='block_1_6' title="bbox 611 2045 828 2119">
    <p class='ocr_par' dir='ltr' id='par_1_8' title="bbox 611 2045 828 2119">
     <span class='ocr_line' id='line_1_17' title="bbox 611 2045 828 2119; baseline 0 -21"><span class='ocrx_word' id='word_1_92' title='bbox 611 2045 695 2098; x_wconf 86' lang='lat' dir='ltr'><strong>Liber</strong></span> <span class='ocrx_word' id='word_1_93' title='bbox 712 2057 828 2119; x_wconf 81' lang='lat' dir='ltr'><strong>quartus.</strong></span> 
     </span>
    </p>
   </div>
   <div class='ocr_carea' id='block_1_7' title="bbox 160 2143 1120 2546">
    <p class='ocr_par' dir='ltr' id='par_1_9' title="bbox 243 2143 948 2234">
     <span class='ocr_line' id='line_1_18' title="bbox 243 2143 948 2234; baseline -0.001 -21"><span class='ocrx_word' id='word_1_94' title='bbox 243 2146 395 2213; x_wconf 70' lang='lat' dir='ltr'><strong>Protinus</strong></span> <span class='ocrx_word' id='word_1_95' title='bbox 416 2143 495 2210; x_wconf 85' lang='lat' dir='ltr'><strong>aerii</strong></span> <span class='ocrx_word' id='word_1_96' title='bbox 516 2143 623 2210; x_wconf 83' lang='lat' dir='ltr'><strong>mellis</strong></span> <span class='ocrx_word' id='word_1_97' title='bbox 643 2143 819 2211; x_wconf 71' lang='lat' dir='ltr'><strong>redolentia</strong></span> <span class='ocrx_word' id='word_1_98' title='bbox 839 2169 948 2234; x_wconf 84' lang='lat' dir='ltr'><strong>regna,</strong></span> 
     </span>
    </p>

    <p class='ocr_par' dir='ltr' id='par_1_10' title="bbox 245 2250 981 2338">
     <span class='ocr_line' id='line_1_19' title="bbox 245 2250 981 2338; baseline 0.003 -22"><span class='ocrx_word' id='word_1_99' title='bbox 245 2250 408 2336; x_wconf 86' lang='lat' dir='ltr'><strong>Hyblaeas</strong></span> <span class='ocrx_word' id='word_1_100' title='bbox 430 2262 459 2315; x_wconf 87' lang='lat' dir='ltr'><strong>et</strong></span> <span class='ocrx_word' id='word_1_101' title='bbox 481 2273 570 2338; x_wconf 83' lang='lat' dir='ltr'><strong>apes,</strong></span> <span class='ocrx_word' id='word_1_102' title='bbox 591 2251 758 2318; x_wconf 84' lang='lat' dir='ltr'><strong>alveorum</strong></span> <span class='ocrx_word' id='word_1_103' title='bbox 782 2273 872 2318; x_wconf 85' lang='lat' dir='ltr'><strong>ocrea</strong></span> <span class='ocrx_word' id='word_1_104' title='bbox 892 2265 981 2336; x_wconf 83' lang='lat' dir='ltr'><strong>tectu,</strong></span> 
     </span>
    </p>

    <p class='ocr_par' dir='ltr' id='par_1_11' title="bbox 160 2353 1120 2546">
     <span class='ocr_line' id='line_1_20' title="bbox 244 2353 1120 2445; baseline 0.009 -27"><span class='ocrx_word' id='word_1_105' title='bbox 244 2354 373 2441; x_wconf 87' lang='lat' dir='ltr'><strong>Quique</strong></span> <span class='ocrx_word' id='word_1_106' title='bbox 396 2354 507 2444; x_wconf 85' lang='lat' dir='ltr'><strong>apibus</strong></span> <span class='ocrx_word' id='word_1_107' title='bbox 529 2353 624 2419; x_wconf 88' lang='lat' dir='ltr'><strong>llores</strong></span> <span class='ocrx_word' id='word_1_108' title='bbox 645 2355 795 2420; x_wconf 80' lang='lat' dir='ltr'><strong>examina</strong></span> <span class='ocrx_word' id='word_1_109' title='bbox 816 2379 958 2444; x_wconf 88' lang='lat' dir='ltr'><strong>quaeque</strong></span> <span class='ocrx_word' id='word_1_110' title='bbox 977 2359 1120 2445; x_wconf 83' lang='lat' dir='ltr'><strong>legenda,</strong></span> 
     </span>
     <span class='ocr_line' id='line_1_21' title="bbox 160 2458 1048 2546; baseline 0.002 -20"><span class='ocrx_word' id='word_1_111' title='bbox 160 2475 202 2536; x_wconf 83' lang='lat'><strong>20</strong></span> <span class='ocrx_word' id='word_1_112' title='bbox 243 2461 380 2545; x_wconf 77' lang='lat' dir='ltr'><strong>Iudicat,</strong></span> <span class='ocrx_word' id='word_1_113' title='bbox 407 2461 637 2546; x_wconf 81' lang='lat' dir='ltr'><strong>humentesque</strong></span> <span class='ocrx_word' id='word_1_114' title='bbox 657 2458 765 2545; x_wconf 81' lang='lat' dir='ltr'><strong>favos,</strong></span> <span class='ocrx_word' id='word_1_115' title='bbox 786 2462 931 2530; x_wconf 78' lang='lat' dir='ltr'><strong>coelestia</strong></span> <span class='ocrx_word' id='word_1_116' title='bbox 953 2462 1048 2536; x_wconf 86' lang='lat' dir='ltr'><strong>dona.</strong></span> 
     </span>
    </p>
   </div>
   <div class='ocr_carea' id='block_1_8' title="bbox 498 2629 942 2822">
    <p class='ocr_par' dir='ltr' id='par_1_12' title="bbox 498 2629 942 2822">
     <span class='ocr_line' id='line_1_22' title="bbox 498 2629 942 2822; baseline 0.009 -25"><span class='ocrx_word' id='word_1_117' title='bbox 498 2732 543 2797; x_wconf 83' lang='lat' dir='ltr'><strong>In</strong></span> <span class='ocrx_word' id='word_1_118' title='bbox 564 2629 753 2800; x_wconf 57' lang='lat' dir='ltr'><strong>Aeneiilgeela</strong></span> <span class='ocrx_word' id='word_1_119' title='bbox 776 2733 942 2822; x_wconf 84' lang='lat' dir='ltr'><strong>Virgilii.</strong></span> 
     </span>
    </p>
   </div>
   <div class='ocr_carea' id='block_1_9' title="bbox 162 2847 1171 3458">
    <p class='ocr_par' dir='ltr' id='par_1_13' title="bbox 162 2847 1171 3458">
     <span class='ocr_line' id='line_1_23' title="bbox 162 2847 1138 2936; baseline 0.003 -24"><span class='ocrx_word' id='word_1_120' title='bbox 162 2885 164 2890; x_wconf 68' lang='lat'>,</span> <span class='ocrx_word' id='word_1_121' title='bbox 243 2849 360 2913; x_wconf 77' lang='lat' dir='ltr'><strong>Diruta</strong></span> <span class='ocrx_word' id='word_1_122' title='bbox 381 2869 458 2933; x_wconf 85' lang='lat' dir='ltr'><strong>quae</strong></span> <span class='ocrx_word' id='word_1_123' title='bbox 478 2847 621 2911; x_wconf 87' lang='lat' dir='ltr'><strong>flammis</strong></span> <span class='ocrx_word' id='word_1_124' title='bbox 642 2848 724 2912; x_wconf 90' lang='lat' dir='ltr'><strong>olim</strong></span> <span class='ocrx_word' id='word_1_125' title='bbox 745 2849 840 2934; x_wconf 81' lang='lat' dir='ltr'><strong>Maro</strong></span> <span class='ocrx_word' id='word_1_126' title='bbox 863 2851 1022 2936; x_wconf 83' lang='lat' dir='ltr'><strong>Pergama</strong></span> <span class='ocrx_word' id='word_1_127' title='bbox 1048 2851 1138 2934; x_wconf 80' lang='lat' dir='ltr'><strong>dixit,</strong></span> 
     </span>
     <span class='ocr_line' id='line_1_24' title="bbox 285 2952 1022 3039; baseline -0.003 -23"><span class='ocrx_word' id='word_1_128' title='bbox 285 2955 323 3016; x_wconf 89' lang='lat' dir='ltr'><strong>ln</strong></span> <span class='ocrx_word' id='word_1_129' title='bbox 345 2952 493 3016; x_wconf 86' lang='lat' dir='ltr'><strong>flammas</strong></span> <span class='ocrx_word' id='word_1_130' title='bbox 518 2952 661 3016; x_wconf 88' lang='lat' dir='ltr'><strong>moriens</strong></span> <span class='ocrx_word' id='word_1_131' title='bbox 682 2953 773 3018; x_wconf 82' lang='lat' dir='ltr'><strong>iussit</strong></span> <span class='ocrx_word' id='word_1_132' title='bbox 795 2966 826 3018; x_wconf 81' lang='lat' dir='ltr'><strong>et</strong></span> <span class='ocrx_word' id='word_1_133' title='bbox 848 2952 919 3039; x_wconf 82' lang='lat' dir='ltr'><strong>igne</strong></span> <span class='ocrx_word' id='word_1_134' title='bbox 941 2954 1022 3017; x_wconf 86' lang='lat' dir='ltr'><strong>dari.</strong></span> 
     </span>
     <span class='ocr_line' id='line_1_25' title="bbox 242 3054 1171 3144; baseline -0.004 -20"><span class='ocrx_word' id='word_1_135' title='bbox 242 3059 323 3124; x_wconf 87' lang='lat' dir='ltr'><strong>Non</strong></span> <span class='ocrx_word' id='word_1_136' title='bbox 344 3056 413 3120; x_wconf 82' lang='lat' dir='ltr'><strong>lulit</strong></span> <span class='ocrx_word' id='word_1_137' title='bbox 434 3054 611 3141; x_wconf 74' lang='lat' dir='ltr'><strong>Augustus:</strong></span> <span class='ocrx_word' id='word_1_138' title='bbox 639 3056 805 3144; x_wconf 67' lang='lat' dir='ltr'><strong>rapuitque</strong></span> <span class='ocrx_word' id='word_1_139' title='bbox 827 3081 867 3120; x_wconf 82' lang='lat' dir='ltr'><strong>ex</strong></span> <span class='ocrx_word' id='word_1_140' title='bbox 890 3057 1014 3142; x_wconf 83' lang='lat' dir='ltr'><strong>ignibus</strong></span> <span class='ocrx_word' id='word_1_141' title='bbox 1036 3057 1124 3143; x_wconf 83' lang='lat' dir='ltr'><strong>ignes</strong></span> <span class='ocrx_word' id='word_1_142' title='bbox 1168 3065 1171 3070; x_wconf 89' lang='lat'>&#39;</span> 
     </span>
     <span class='ocr_line' id='line_1_26' title="bbox 285 3159 1015 3226; baseline -0.001 0"><span class='ocrx_word' id='word_1_143' title='bbox 285 3162 326 3226; x_wconf 79' lang='lat' dir='ltr'><strong>Er</strong></span> <span class='ocrx_word' id='word_1_144' title='bbox 347 3159 428 3224; x_wconf 73' lang='lat' dir='ltr'><strong>tristi</strong></span> <span class='ocrx_word' id='word_1_145' title='bbox 450 3183 468 3224; x_wconf 92' lang='lat' dir='ltr'><strong>e</strong></span> <span class='ocrx_word' id='word_1_146' title='bbox 487 3159 578 3223; x_wconf 76' lang='lat' dir='ltr'><strong>buslo</strong></span> <span class='ocrx_word' id='word_1_147' title='bbox 600 3172 644 3224; x_wconf 77' lang='lat' dir='ltr'><strong>lot</strong></span> <span class='ocrx_word' id='word_1_148' title='bbox 665 3179 752 3224; x_wconf 83' lang='lat' dir='ltr'><strong>sacra</strong></span> <span class='ocrx_word' id='word_1_149' title='bbox 774 3161 864 3223; x_wconf 73' lang='lat' dir='ltr'><strong>busta</strong></span> <span class='ocrx_word' id='word_1_150' title='bbox 887 3161 1015 3226; x_wconf 87' lang='lat' dir='ltr'><strong>ducum.</strong></span> 
     </span>
     <span class='ocr_line' id='line_1_27' title="bbox 248 3265 1147 3351; baseline 0.004 -21"><span class='ocrx_word' id='word_1_151' title='bbox 248 3267 339 3351; x_wconf 89' lang='lat' dir='ltr'><strong>Quae</strong></span> <span class='ocrx_word' id='word_1_152' title='bbox 362 3278 520 3346; x_wconf 58' lang='lat' dir='ltr'><strong>aestimo</strong></span> <span class='ocrx_word' id='word_1_153' title='bbox 544 3265 678 3346; x_wconf 86' lang='lat' dir='ltr'><strong>Teucri,</strong></span> <span class='ocrx_word' id='word_1_154' title='bbox 697 3265 880 3332; x_wconf 87' lang='lat' dir='ltr'><strong>Vulcanum</strong></span> <span class='ocrx_word' id='word_1_155' title='bbox 902 3267 1019 3332; x_wconf 86' lang='lat' dir='ltr'><strong>inimia</strong></span> <span class='ocrx_word' id='word_1_156' title='bbox 1039 3265 1147 3334; x_wconf 78' lang='lat' dir='ltr'><strong>laesit?</strong></span> 
     </span>
     <span class='ocr_line' id='line_1_28' title="bbox 286 3371 914 3458; baseline -0.005 -19"><span class='ocrx_word' id='word_1_157' title='bbox 286 3373 454 3458; x_wconf 75' lang='lat' dir='ltr'><strong>Neptunus</strong></span> <span class='ocrx_word' id='word_1_158' title='bbox 475 3381 558 3436; x_wconf 75' lang='lat' dir='ltr'><strong>ceule</strong></span> <span class='ocrx_word' id='word_1_159' title='bbox 580 3371 707 3458; x_wconf 79' lang='lat' dir='ltr'><strong>dignior</strong></span> <span class='ocrx_word' id='word_1_160' title='bbox 728 3372 811 3437; x_wconf 77' lang='lat' dir='ltr'><strong>ullor</strong></span> <span class='ocrx_word' id='word_1_161' title='bbox 836 3384 914 3438; x_wconf 78' lang='lat' dir='ltr'><strong>erat.</strong></span> 
     </span>
    </p>
   </div>
   <div class='ocr_carea' id='block_1_10' title="bbox 159 3637 1188 4377">
    <p class='ocr_par' dir='ltr' id='par_1_14' title="bbox 159 3637 1188 4377">
     <span class='ocr_line' id='line_1_29' title="bbox 528 3637 1046 3749; baseline 0 -35"><span class='ocrx_word' id='word_1_162' title='bbox 528 3637 729 3716; x_wconf 69' lang='lat' dir='ltr'><strong>L-Annuei</strong></span> <span class='ocrx_word' id='word_1_163' title='bbox 751 3649 908 3715; x_wconf 71' lang='lat' dir='ltr'><strong>Senecae.</strong></span> <span class='ocrx_word' id='word_1_164' title='bbox 1041 3738 1046 3749; x_wconf 31' lang='grc' dir='ltr'>ι</span> 
     </span>
     <span class='ocr_line' id='line_1_30' title="bbox 245 3763 1188 3852; baseline 0 -22"><span class='ocrx_word' id='word_1_165' title='bbox 245 3766 346 3843; x_wconf 87' lang='lat' dir='ltr'><strong>Cura,</strong></span> <span class='ocrx_word' id='word_1_166' title='bbox 367 3763 474 3846; x_wconf 86' lang='lat' dir='ltr'><strong>labor,</strong></span> <span class='ocrx_word' id='word_1_167' title='bbox 502 3765 672 3848; x_wconf 78' lang='lat' dir='ltr'><strong>meritum,</strong></span> <span class='ocrx_word' id='word_1_168' title='bbox 695 3766 793 3831; x_wconf 73' lang='lat' dir='ltr'><strong>sumti</strong></span> <span class='ocrx_word' id='word_1_169' title='bbox 814 3787 875 3852; x_wconf 85' lang='lat' dir='ltr'><strong>pro</strong></span> <span class='ocrx_word' id='word_1_170' title='bbox 896 3786 1030 3828; x_wconf 84' lang='lat' dir='ltr'><strong>munere</strong></span> <span class='ocrx_word' id='word_1_171' title='bbox 1050 3764 1188 3830; x_wconf 84' lang='lat' dir='ltr'><strong>honores</strong></span> 
     </span>
     <span class='ocr_line' id='line_1_31' title="bbox 287 3869 941 3956; baseline 0.002 -24"><span class='ocrx_word' id='word_1_172' title='bbox 287 3871 349 3949; x_wconf 82' lang='lat' dir='ltr'><strong>lle,</strong></span> <span class='ocrx_word' id='word_1_173' title='bbox 371 3869 448 3932; x_wconf 87' lang='lat' dir='ltr'><strong>alius</strong></span> <span class='ocrx_word' id='word_1_174' title='bbox 469 3870 599 3956; x_wconf 74' lang='lat' dir='ltr'><strong>posthae</strong></span> <span class='ocrx_word' id='word_1_175' title='bbox 619 3869 786 3935; x_wconf 81' lang='lat' dir='ltr'><strong>sollicilale</strong></span> <span class='ocrx_word' id='word_1_176' title='bbox 808 3870 941 3934; x_wconf 84' lang='lat' dir='ltr'><strong>animas.</strong></span> 
     </span>
     <span class='ocr_line' id='line_1_32' title="bbox 244 3973 1077 4062; baseline 0 -23"><span class='ocrx_word' id='word_1_177' title='bbox 244 3976 304 4042; x_wconf 86' lang='lat' dir='ltr'><strong>Me</strong></span> <span class='ocrx_word' id='word_1_178' title='bbox 324 3973 437 4062; x_wconf 85' lang='lat' dir='ltr'><strong>procul</strong></span> <span class='ocrx_word' id='word_1_179' title='bbox 459 3996 477 4036; x_wconf 89' lang='lat' dir='ltr'><strong>a</strong></span> <span class='ocrx_word' id='word_1_180' title='bbox 502 3973 596 4038; x_wconf 80' lang='lat' dir='ltr'><strong>vobis</strong></span> <span class='ocrx_word' id='word_1_181' title='bbox 618 3975 693 4044; x_wconf 86' lang='lat' dir='ltr'><strong>deus</strong></span> <span class='ocrx_word' id='word_1_182' title='bbox 715 3985 835 4042; x_wconf 76' lang='lat' dir='ltr'><strong>evocat.</strong></span> <span class='ocrx_word' id='word_1_183' title='bbox 879 3973 979 4038; x_wconf 78' lang='lat' dir='ltr'><strong>illicet</strong></span> <span class='ocrx_word' id='word_1_184' title='bbox 1000 3975 1077 4039; x_wconf 80' lang='lat' dir='ltr'><strong>aclis</strong></span> 
     </span>
     <span class='ocr_line' id='line_1_33' title="bbox 287 4065 943 4166; baseline -0.003 -20"><span class='ocrx_word' id='word_1_185' title='bbox 287 4081 394 4146; x_wconf 86' lang='lat' dir='ltr'><strong>Rebus</strong></span> <span class='ocrx_word' id='word_1_186' title='bbox 416 4065 566 4154; x_wconf 71' lang='lat' dir='ltr'><strong>terrenis,</strong></span> <span class='ocrx_word' id='word_1_187' title='bbox 588 4077 711 4166; x_wconf 77' lang='lat' dir='ltr'><strong>hospius</strong></span> <span class='ocrx_word' id='word_1_188' title='bbox 730 4091 833 4157; x_wconf 79' lang='lat' dir='ltr'><strong>terra,</strong></span> <span class='ocrx_word' id='word_1_189' title='bbox 861 4081 943 4144; x_wconf 86' lang='lat' dir='ltr'><strong>vale.</strong></span> 
     </span>
     <span class='ocr_line' id='line_1_34' title="bbox 159 4183 1103 4274; baseline -0.011 -20"><span class='ocrx_word' id='word_1_190' title='bbox 159 4203 181 4264; x_wconf 83' lang='lat'><strong><em>5</em></strong></span> <span class='ocrx_word' id='word_1_191' title='bbox 245 4190 373 4274; x_wconf 85' lang='lat' dir='ltr'><strong>Corpus</strong></span> <span class='ocrx_word' id='word_1_192' title='bbox 396 4209 492 4250; x_wconf 62' lang='lat' dir='ltr'><strong>arsura</strong></span> <span class='ocrx_word' id='word_1_193' title='bbox 513 4196 620 4248; x_wconf 79' lang='lat' dir='ltr'><strong>tamen</strong></span> <span class='ocrx_word' id='word_1_194' title='bbox 641 4183 852 4248; x_wconf 82' lang='lat' dir='ltr'><strong>sollemnibus</strong></span> <span class='ocrx_word' id='word_1_195' title='bbox 877 4183 983 4274; x_wconf 85' lang='lat' dir='ltr'><strong>accipe</strong></span> <span class='ocrx_word' id='word_1_196' title='bbox 1002 4185 1103 4248; x_wconf 81' lang='lat' dir='ltr'><strong>saxis:</strong></span> 
     </span>
     <span class='ocr_line' id='line_1_35' title="bbox 289 4289 1103 4377; baseline -0.006 -19"><span class='ocrx_word' id='word_1_197' title='bbox 289 4294 442 4377; x_wconf 81' lang='lat' dir='ltr'><strong>Namque</strong></span> <span class='ocrx_word' id='word_1_198' title='bbox 451 4289 606 4358; x_wconf 75' lang='lat' dir='ltr'><strong>unimam</strong></span> <span class='ocrx_word' id='word_1_199' title='bbox 630 4289 718 4356; x_wconf 86' lang='lat' dir='ltr'><strong>coelo</strong></span> <span class='ocrx_word' id='word_1_200' title='bbox 739 4289 923 4376; x_wconf 83' lang='lat' dir='ltr'><strong>reddimus,</strong></span> <span class='ocrx_word' id='word_1_201' title='bbox 945 4313 1014 4356; x_wconf 84' lang='lat' dir='ltr'><strong>ossa</strong></span> <span class='ocrx_word' id='word_1_202' title='bbox 1035 4289 1103 4353; x_wconf 76' lang='lat' dir='ltr'><strong>tihi.</strong></span> 
     </span>
    </p>
   </div>
   <div class='ocr_carea' id='block_1_11' title="bbox 0 0 1502 4828">
    <p class='ocr_par' dir='ltr' id='par_1_15' title="bbox 0 0 1502 4828">
     <span class='ocr_line' id='line_1_36' title="bbox 0 0 1502 4828; baseline 0 5"><span class='ocrx_word' id='word_1_203' title='bbox 0 0 1502 4828; x_wconf 95' lang='lat' dir='ltr'><strong> </strong></span> 
     </span>
    </p>
   </div>
  </div>
 </body>
</html>
