2994 4828
763 174 814 244 24

680 255 888 276 m

242 359 299 416 166.
316 361 414 432 (nm
429 358 526 430 invito,
548 376 606 416 cum
621 357 650 414 iu
665 355 799 412 maluere
819 357 936 410 eecuuda
956 355 1053 410 itidem
1074 357 1111 410 ait
1132 356 1247 428 brevia).
1281 361 1346 416 Sm-

238 447 316 518 ligeri
332 448 479 504 emendatio
495 449 583 502 veram
599 447 726 502 laborati
743 445 881 498 mecurmt.
914 445 971 498 sed
994 445 1117 498 tridaaca
1140 449 1274 515 iutegrmu
1289 468 1346 504 erae

240 536 371 608 existimo,
386 545 415 590 et
430 537 458 592 iu
474 537 528 590 alio
545 554 600 608 quo
616 535 746 589 voeabula
761 534 855 588 ritimu
870 537 964 590 latere.
1000 537 1059 606 Quo
1076 537 1260 606 margarita„
1271 553 1346 606 aare,

241 623 363 680 tribuere
385 642 420 679 ae
440 627 541 680 Indica
562 625 661 678 Antan.
685 641 739 696 quo
767 625 924 696 margarita
945 641 1013 678 aare
1043 622 1168 678 τήόαασα
1195 637 1225 678 et
1246 630 1350 682 Indica

239 713 349 769 Zellim.

309 815 351 856 ιο.
364 799 498 874 phaleris]
513 800 639 872 phalerae
655 800 763 871 proprie
781 817 910 871 equorum
926 809 1001 868 aunt,
1026 800 1071 854 hic
1094 799 1129 852 ad
1146 809 1267 852 ornatum
1285 818 1348 854 mu-

240 886 354 946 liebrem
369 889 516 944 trermlatae.
549 888 678 942 Phalerea
695 889 813 960 pelagiae
829 899 965 956 rorantur,
992 889 1055 960 quia
1080 905 1115 944 ex
1131 888 1239 943 Oceano
1254 891 1347 946 Indico

241 976 438 1048 reportabautm
454 976 558 1030 bracae.

310 1079 351 1118 tt.
369 1065 505 1138 adquam
522 1063 589 1135 rem]
606 1065 653 1119 iut.
672 1076 753 1140 eptae
768 1086 803 1124 ex
817 1069 939 1140 aequanti
955 1085 1043 1121 remu.

309 1150 352 1208 ae.
370 1154 400 1206 a'n
415 1151 514 1208 nebula
529 1151 614 1224 linea]
636 1163 667 1207 ut
687 1165 780 1210 reuma
798 1159 896 1212 textilia
919 1156 1098 1212 tenuissimam
1120 1163 1221 1210 reatem
1239 1163 1348 1224 textam·

242 1242 280 1297 rie
295 1239 394 1298 nebula
407 1241 479 1298 linea
494 1241 606 1300 tunicam
621 1242 780 1313 pellucidam
797 1265 812 1300 e
829 1247 885 1300 lino
901 1248 995 1302 metam
1009 1244 1145 1316 significat.

766 1411 827 1487 66

311 1545 414 1618 Recepi
437 1567 471 1605 ex
487 1547 615 1623 Appuleii
629 1548 761 1620 Apologia
783 1549 819 1603 T.
843 1549 879 1604 11.
901 1568 931 1622 p.
952 1551 1014 1608 4⁶1.
1038 1551 1081 1606 ed.
1107 1551 1346 1622 Oudendorp·-

242 1631 348 1688 lautia
366 1634 481 1690 dimetri.

309 1723 493 1792 Fragmentum
511 1734 551 1779 eat
558 1724 773 1798 Erotopaegnion
780 1724 883 1782 Laevii.
918 1726 1108 1797 Erotopaeguia
1123 1746 1176 1782 uou
1191 1728 1235 1780 alii
1251 1736 1349 1797 poetae

243 1807 294 1864 uiti
310 1808 410 1864 Laenio
426 1813 508 1866 tribui
532 1831 627 1883 poree,
652 1834 790 1870 conaeueue
814 1816 930 1888 plurium
951 1827 1083 1870 auctorum
1106 1817 1176 1869 lacit.
1210 1818 1301 1885 Itaque
1320 1825 1350 1866 et

243 1899 313 1954 laune
328 1901 424 1968 locum,
440 1902 486 1954 nbi
502 1921 563 1957 mae.
582 1904 710 1958 Laelium
726 1905 833 1972 habent,
851 1905 1022 1958 emendarunt
1038 1903 1159 1970 Borecha,
1175 1903 1296 1971 Leunep.
1313 1902 1350 1954 ad

243 1989 429 2046 Terentianum
445 1991 565 2046 Maurum
581 2011 609 2063 p.
626 1995 688 2048 455.
708 1993 855 2064 (Santoniua
877 1995 946 2047 enim
962 1995 1061 2048 ibidem
1079 2013 1107 2063 p.
1126 1995 1186 2046 232.
1203 1991 1276 2043 Livii
1292 1991 1350 2042 An-

244 2075 344 2132 manici
361 2095 419 2136 tue
437 2081 558 2152 dixerat),
574 2081 724 2138 Weichert.
737 2083 787 2135 Po.
807 2082 869 2135 Lat.
887 2079 996 2151 Reliqu.
1014 2101 1042 2153 p.
1060 2085 1095 2151 49
1112 2101 1180 2153 sqq„
1195 2077 1350 2148 Bemhardy

243 2165 321 2222 aaa.
339 2165 406 2223 Litt.
424 2187 452 2240 p.
470 2185 531 2225 aot.

310 2255 337 2311 3.
357 2258 515 2328 anchiram]
538 2259 671 2329 Scaliger,
695 2276 773 2330 quem
794 2263 900 2310 aecntue
926 2264 967 2308 eat
990 2257 1123 2328 Borecha,
1145 2258 1192 2330 qui
1214 2275 1243 2310 aa
1265 2255 1349 2309 invito

246 2345 394 2400 droehilr'eea'
410 2347 437 2398 iu
453 2355 528 2399 textu
551 2349 651 2399 editum
676 2366 732 2400 eaae
757 2347 810 2417 ait,
838 2354 866 2396 et
881 2343 1074 2413 Weichertiua,
1100 2346 1195 2415 quide
1217 2345 1352 2398 staminea

244 2430 348 2486 rlomli
364 2443 427 2487 rete
443 2434 610 2502 rogitandum
628 2435 767 2488 exiatimat.

311 2521 337 2576 5.
356 2518 452 2591 illicet]
470 2523 536 2576 illex
553 2521 654 2575 avicula
672 2531 720 2590 eat,
738 2537 806 2591 quae
822 2534 918 2586 graece
937 2519 993 2590 ἴυγξ
1010 2519 1105 2571 dicitur
1131 2548 1168 2561 -
1184 2521 1293 2587 „Illicea
1308 2519 1352 2572 bi-

246 2609 356 2664 uodulae
372 2619 504 2677 rorantur,
521 2611 592 2680 quod
608 2610 701 2664 caudae
717 2610 843 2664 vibrando
861 2606 1021 2677 duplicant-‘⁴
1042 2606 1186 2660 Weichert.
1209 2609 1286 2661 Haec
1296 2608 1352 2661 avi-

247 2697 305 2752 eula
334 2697 399 2754 alin
419 2701 555 2756 motacilla
584 2717 607 2756 a.
630 2699 783 2755 Baalntelae
811 2697 915 2752 dieitm.
959 2696 1035 2754 Couf.
1065 2695 1178 2750 Salmas.
1210 2697 1245 2750 ad
1269 2697 1348 2750 Solia.

245 2803 272 2857 p.
291 2785 349 2842 661.

772 2938 831 3022 59·

312 3076 394 3134 anth.
411 3081 456 3136 111.
473 3081 533 3138 ull.
562 3081 638 3137 Cous.
657 3079 794 3134 Bentleiue
820 3076 854 3130 ad
871 3041 984 3128 Terent.
1002 3071 1122 3124 Eunuch.
1147 3071 1183 3124 11.
1206 3071 1238 3136 6,
1262 3068 1306 3124 66.
1324 3079 1354 3122 et

246 3165 369 3226 Reurene
386 3171 413 3226 iu
431 3172 575 3227 Collectau.
593 3172 678 3226 litter.
703 3188 730 3240 p.
752 3167 810 3221 154.
825 3195 870 3236 ¹-
895 3163 1042 3218 Priscianus
1066 3159 1101 3212 T.
1119 3158 1142 3210 1.
1166 3176 1194 3227 p.
1217 3173 1276 3210 110.
1301 3158 1352 3210 Kr.
1459 3175 1462 3182 ·

244 3259 453 3330 Pomponiae
469 3263 499 3315 in
517 3263 725 3335 epigrammate,
748 3257 822 3328 quod
835 3257 877 3308 M.
898 3255 986 3309 Varro
1007 3253 1037 3304 in
1056 3249 1151 3317 litiis,
1174 3248 1221 3318 pai
1237 3256 1304 3298 eunt
1320 3247 1355 3296 de

245 3341 343 3416 lingua
358 3346 459 3420 leriae,
476 3349 574 3420 refert:
595 3351 665 3402 rua
682 3347 794 3400 amica
809 3358 912 3397 aenaea
929 3349 990 3393 ert.
1026 3335 1111 3390 Varro
1129 3338 1163 3390 de
1179 3336 1198 3386 l.
1207 3337 1227 3386 1.
1245 3351 1272 3400 p.
1288 3332 1352 3385 316.

246 3431 344 3502 Speng.
363 3437 434 3487 Item
451 3439 569 3490 ostendit
583 3437 687 3506 Papini
702 3427 938 3505 ε’πιγραμμᾶτων,
961 3429 1034 3499 qnod
1049 3429 1079 3480 in
1096 3425 1287 3510 adnleseentem
1299 3419 1354 3490 se-

247 3531 323 3576 aeral
339 3523 459 3576 caream.
485 3524 633 3594 (currulem
656 3541 703 3577 me.
721 3521 867 3587 Numburg.
886 3533 927 3587 ap.
950 3515 1123 3570 Duebnernm
1137 3516 1165 3568 iu
1180 3512 1265 3566 Iahuii
1281 3511 1353 3564 Anu.

249 3609 324 3666 tdad.
343 3609 378 3667 T.
395 3611 443 3666 111.
459 3613 491 3667 F.
510 3617 535 3671 5.
552 3631 580 3684 p.
594 3610 679 3682 dom).

313 3763 320 3780 ,
408 3703 626 3771 llidieulatmert,
650 3695 1133 3759 eumtecueeamtuadicitumiei

492 3791 547 3846 mli
564 3791 661 3845 Potoni
678 3789 842 3862 aerquiaener
866 3824 875 3842 .
901 3822 909 3841 .
936 3822 944 3839 .

409 3873 539 3944 [ruam
560 3877 624 3931 dicit
641 3880 742 3930 Puaum
762 3872 884 3930 Puellam
903 3873 1022 3937 Parare]

573 3998 582 4017 .
609 3998 617 4016 .
640 3963 678 4016 aie
689 3961 745 4032 fiet
762 3969 854 4016 mutue
873 3955 954 4018 maella·

409 4045 480 4100 Num
499 4063 556 4102 aere
570 4065 656 4120 purae
677 4057 716 4115 m,
740 4057 789 4101 tue
807 4044 897 4100 amice
916 4059 1006 4097 aenea.

245 4137 289 4194 De
296 4137 331 4196 1..
341 4137 491 4214 Pomponio
501 4141 668 4210 Bououiemi,
683 4143 867 4196 Atellanarum
882 4147 963 4209 poeta
978 4132 1083 4203 scripsit
1090 4132 1143 4182 Ed.
1152 4124 1353 4195 Munklmad.)

314 4245 339 4286 ι.
357 4229 480 4301 Gnatam]
498 4229 579 4284 Cama
595 4229 738 4298 angentia
754 4229 882 4284 Serviliae
899 4227 1060 4296 aliarumque
1077 4235 1229 4291 cognomen.

313 4331 340 4370 ⁸·
352 4317 432 4390 fine]
447 4319 548 4392 ronna
563 4317 641 4389 amb·
659 4318 810 4389 apameno.
824 4317 874 4388 fia·
889 4315 981 4380 mmo.
