3000 4820
677 196 883 300 ...Q-

312 382 448 450 Praedia
469 383 522 451 dat
542 386 677 470 Caesar,
706 407 848 472 quorum
867 385 976 452 brevis
997 409 1073 454 usus
1094 386 1250 471 habendi;

312 487 436 555 Obtulit
455 489 510 557 hio
529 490 656 574 laudes,
684 511 761 578 ques
780 490 886 556 secula
906 493 995 559 nulls
1015 493 1174 560 silescant.

310 593 458 661 Pastores
480 597 593 666 cecinit
612 595 750 687 primos.
791 596 866 661 Hoc
887 597 1031 670 carmine
1053 601 1164 666 consul

226 699 270 770 95
286 685 289 694 ¹
310 698 420 774 Pollio
439 701 586 772 laudatur
605 714 654 770 ter
683 725 719 768 se
738 699 964 774 revocantibus
986 701 1080 770 annis

312 805 503 896 Conposi103
533 819 606 896 post
625 805 704 874 haec
723 805 810 873 ruris
830 819 998 896 praecepta
1018 808 1146 876 colendi

311 907 469 996 Quattuor
490 911 637 1000 exposuit
656 912 767 998 libris,
794 924 825 978 et
844 911 1019 976 commoda
1038 925 1143 980 terrae

312 1008 453 1081 Edoouit
468 1015 607 1102 geminis
627 1039 713 1084 anno
741 1019 850 1086 minus
871 1019 983 1086 omnia
1004 1019 1122 1086 lustris.

304 1119 393 1186 'Inde
413 1121 601 1189 cothurnato
621 1124 826 1193 Teucrorum
846 1125 969 1213 praelia
994 1147 1093 1192 versu

230 1234 294 1299 100
316 1225 360 1292 Et
378 1226 541 1292 Rutulum
559 1227 679 1311 tonuit,
708 1226 832 1296 bissena
852 1230 1023 1298 volumina
1039 1251 1137 1298 ¹saoro

315 1331 487 1400 Formevit
507 1331 621 1400 donata
642 1332 717 1398 duci
745 1331 909 1400 trieteride
929 1346 1049 1421 quarta.

315 1437 379 1504 Sed
399 1436 488 1522 loca,
511 1460 591 1526 quae
611 1438 703 1526 vulgi
720 1437 918 1506 memoravit
937 1438 1052 1509 tradita
1071 1434 1177 1524 fama,

317 1541 479 1632 Aequoris
500 1555 531 1611 et
555 1556 660 1612 terrae
678 1544 783 1615 statuit
803 1565 990 1633 percurrere
1010 1556 1114 1626 rates,

317 1649 441 1716 Certius
461 1663 496 1716 ut
514 1649 606 1717 libris
627 1650 721 1715 oculo
743 1649 879 1724 distante
897 1661 1031 1718 notaret

233 1767 297 1832 105
318 1754 475 1843 Pergitur.
515 1755 563 1822 Ut
584 1755 737 1824 Calabros
756 1754 873 1842 tetigit,
902 1753 1009 1822 livore
1028 1756 1156 1822 nooeuti

316 1861 492 1928 Parcarum
513 1861 689 1928 vehemens
709 1859 839 1928 luxavit
858 1881 995 1948 corpora
1016 1859 1162 1930 morbus·

319 1965 386 2032 Hie
405 1966 460 2032 ubi
479 1961 649 2054 languores
669 1978 700 2032 et
721 1963 786 2032 fata
806 1964 964 2032 minantia
983 1965 1098 2052 sensit,

597 2276 738 2343 Phocus
761 2278 988 2364 gramnmtioi

578 2397 611 2432 ex
635 2379 688 2432 vita
703 2379 811 2450 Virgilii
827 2382 1008 2448 fragmentum.

323 2509 366 2524 -
407 2504 450 2522 --
492 2503 536 2518 -
577 2498 621 2517 ··-
661 2469 690 2534 si
709 2468 819 2556 lingua
838 2467 944 2534 locuta
963 2480 1011 2534 est

323 2576 442 2644 Nescio
465 2575 542 2664 quid
563 2572 704 2662 fugiente
724 2573 852 2658 anima,
877 2595 947 2638 non
967 2581 1097 2662 sponte,
1117 2574 1173 2644 sed
1193 2575 1267 2644 altis

321 2685 514 2771 Expugnata
534 2679 629 2746 malis
651 2679 726 2745 odio
747 2677 910 2767 languoris
931 2678 1050 2768 iniqui:

323 2783 464 2854 Infertur
484 2786 612 2876 Tyriae
631 2797 705 2874 post
729 2785 868 2851 vulnera
888 2785 1005 2852 vulnus
1026 2786 1165 2874 Elissae,

265 2942 268 2946 -
324 2891 443 2958 Sentiet
463 2892 631 2983 applicitos
652 2890 776 2956 turbata
798 2890 927 2980 Sibylla
948 2913 1086 2982 vapores

241 3011 263 3072 5
325 2998 456 3066 Eiurata
476 2998 580 3076 mori,
606 3019 667 3062 neo
689 2994 814 3083 cingula
834 2981 946 3062 reddet
967 2995 1147 3066 Amazon?

323 3104 371 3172 Di
390 3105 528 3172 meliora
548 3103 619 3168 date
638 3124 676 3166 ac
696 3125 827 3168 sensum
846 3117 997 3170 revocate
1017 3115 1200 3172 nocentem.

327 3212 410 3278 Pace
430 3209 498 3276 viri
519 3209 612 3275 liceat
634 3207 730 3290 tanti,
763 3230 823 3274 neo
844 3211 1018 3275 eommoda
1038 3211 1166 3300 lingriae

324 3315 447 3383 Divitis
467 3315 642 3396 intereant,
663 3336 722 3402 per
744 3336 843 3399 quam
863 3314 1014 3378 Romana
1034 3313 1185 3380 iuventus

326 3413 510 3486 Aeternum
529 3418 642 3500 floret3
669 3439 804 3502 verum,
827 3417 915 3504 quod
935 3416 1068 3506 iusserat
1092 3418 1165 3502 itte,

174 3505 177 3520 ’
245 3541 288 3604 10
330 3525 378 3591 Sit
397 3523 536 3591 vetuisse
552 3547 677 3590 meum.
720 3525 811 3588 Nam
830 3534 903 3611 post
922 3544 981 3588 sua
1007 3535 1154 3610 tempora
1178 3523 1266 3590 vitae

319 3629 408 3695 Non
426 3640 541 3712 taceat,
567 3629 637 3695 imo
661 3643 829 3697 aeternum
849 3639 1017 3694 resonante
1039 3626 1184 3694 Camena

329 3733 511 3820 Laudatur,
537 3735 673 3824 placeat,
700 3733 807 3818 vivat,
828 3733 1005 3819 relegatur,
1027 3744 1165 3802 ametur.

761 3883 845 3964 290·

708 3989 902 4058 Florendim'
1018 4029 1020 4036 ·

518 4115 619 4152 eumen
634 4100 663 4154 in
678 4100 784 4153 laudem
803 4095 993 4150 Thrasamuudi
1008 4099 1088 4164 regis.

329 4198 430 4284 Regia
449 4192 529 4260 festa
548 4218 662 4264 canam
680 4198 879 4266 solemnibus
901 4217 1007 4262 annua
1027 4195 1121 4262 rotis.

331 4295 503 4390 imperiale
525 4299 622 4366 decus
643 4302 887 4372 Thrasamundi
908 4299 1010 4388 glorie
1025 4298 1157 4381 mundi,
