2992 4826
669 149 746 244 '103

238 366 416 432 Incendunt
436 363 572 428 niveum
592 364 698 429 lunata
720 361 857 426 monilia
878 362 1009 444 collum,

281 474 351 537 Nec
373 469 493 535 collum
513 469 656 558 slmplex
679 467 861 532 dedecuisse
885 481 997 556 potest.

238 575 387 661 Contegis
410 575 544 642 obducta
565 575 733 641 candentes
755 587 843 640 veste
864 574 1009 663 papillas,

154 695 196 756 20
258 725 259 730 κ
281 681 426 748 Candida
448 703 522 744 cum
543 680 625 746 nolit
646 692 733 745 veste
753 679 872 767 papilla
891 681 965 766 tegi.

240 789 293 854 Nc
314 799 387 874 toga
407 786 496 852 fluxa
516 788 619 870 volet,
642 786 792 874 reprimit
811 786 870 868 tibi
892 784 989 851 fascia
1012 808 1143 870 corpus:

281 895 335 958 Sat
356 909 471 980 corpus
494 914 651 975 veneror,
671 892 712 956 sit
732 903 805 977 toga
823 889 911 956 fluxa
931 893 1016 963 licet.

238 998 319 1080 Dic,
341 1010 452 1062 teretes
474 995 588 1084 digitos
610 1021 706 1084 quare
727 998 862 1062 annulus
884 1010 915 1062 et
934 997 1015 1085 lapis
1035 997 1144 1081 ambit,

252 1137 257 1140 ·
284 1107 370 1170 Cum
394 1114 505 1168 teretes
528 1102 622 1189 digiti
644 1103 718 1168 deut
740 1101 881 1191 pretium
900 1102 1023 1191 lapidi?

155 1224 197 1289 25
242 1211 366 1276 Ornatu
388 1209 477 1275 nullo
498 1220 589 1295 potes
611 1208 797 1274 exornatior
818 1231 896 1291 esse,

285 1317 330 1381 Et
350 1325 473 1378 tantum
495 1313 620 1381 ornaris
641 1313 677 1378 in
698 1336 772 1378 mea
793 1313 911 1378 damna
928 1314 1039 1380 nimis.

240 1425 293 1488 Ne
314 1435 345 1486 te
366 1420 437 1508 plus
459 1441 559 1504 aequo
580 1413 702 1506 species
724 1431 855 1484 externa
876 1433 1039 1509 perornet,

284 1528 371 1592 Cum
392 1525 434 1590 sis
450 1526 521 1614 plus
545 1544 644 1608 aequo
666 1521 801 1608 pulchra
823 1522 939 1588 decore
958 1537 1024 1590 tuo.

161 1699 163 1703 ,
245 1634 325 1698 Nou
346 1653 404 1717 ego
425 1652 513 1704 sum,
535 1651 597 1716 pro
620 1649 682 1712 quo
704 1639 735 1690 te
756 1628 982 1714 componendo
1008 1631 1144 1712 labores,

155 1754 199 1818 30
282 1739 355 1804 Nec
376 1735 431 1824 qui
451 1747 482 1826 te
502 1733 602 1798 talem
622 1755 707 1816 non,
728 1730 792 1796 nisi
814 1754 925 1816 cogar,
948 1757 1066 1799 amem.

242 1847 369 1912 Pronus
391 1863 485 1906 amo:
507 1861 575 1902 non
595 1861 683 1919 sum,
706 1849 816 1904 tenero
839 1838 893 1922 qui
914 1851 1032 1924 pugnet
1053 1842 1165 1924 amori,

284 1949 357 2013 Nec
379 1944 481 2031 quite
500 1965 630 2008 roseam
653 1943 748 2008 vellet
769 1963 878 2007 amare
899 1941 1003 2007 deam.

241 2055 328 2120 Cum
347 2050 445 2116 radiis
468 2059 591 2114 certare
611 2047 700 2115 Iovis
721 2058 774 2112 tua
794 2046 918 2112 lumina
940 2063 1077 2136 possent,

284 2160 327 2224 Et
347 2167 478 2245 possent
494 2152 592 2220 radiis
614 2153 747 2220 vincere
766 2154 856 2238 signa
877 2154 977 2225 Iovis.

159 2277 212 2342 35·
245 2264 321 2329 Sole
342 2262 426 2326 nihil
447 2273 513 2326 toto
535 2258 651 2324 melius
671 2259 861 2347 splendescit
881 2259 916 2324 in
938 2260 1027 2343 orbe,

286 2368 361 2432 Sole
380 2379 490 2432 tamen
511 2365 626 2440 melius
648 2365 908 2455 splendidiusque
928 2366 1020 2432 nites.

247 2477 326 2540 Sunt
346 2473 406 2538 tibi
427 2473 509 2538 colla
530 2471 662 2560 quidem
683 2470 761 2536 nive
783 2471 985 2555 candidiora,
1006 2477 1126 2542 recenti
1206 2507 1210 2514 «

287 2579 350 2644 Sed
366 2563 461 2662 nive,
493 2602 572 2666 quae
593 2579 685 2645 nullo
705 2576 850 2643 marcida
871 2579 938 2642 sole
959 2580 1048 2645 iacet.

248 2687 456 2752 Conveniunt
473 2685 580 2773 tepido
600 2699 653 2749 tua
674 2683 766 2750 frons
788 2697 818 2750 et
837 2698 966 2772 pectora
987 2686 1069 2770 lacti,

160 2799 204 2866 40
235 2805 249 2840 ’κ
289 2790 352 2855 Sed
371 2789 460 2872 lacti,
484 2799 606 2854 saturae
626 2789 712 2875 quod
732 2814 866 2879 posuere
889 2815 1010 2879 caprae.

246 2896 341 2962 Cedit
360 2895 462 2960 odora
483 2895 543 2960 tibi
564 2895 733 2960 vernantis
755 2897 858 2982 gloria
879 2898 989 2980 silvae,

287 3001 374 3082 Nec,
395 2996 453 3062 tibi
474 3001 559 3082 quod
580 2999 688 3086 riguus
710 2999 869 3088 praeferat
887 3000 1017 3082 hortus,
1045 3001 1146 3067 habet.

247 3105 347 3171 Nulla
369 3101 501 3167 colorati
522 3102 641 3192 species
663 3103 722 3166 tibi
742 3105 895 3190 proxima
916 3104 1008 3190 prati,
1190 3118 1197 3122 ·

291 3211 379 3292 Nec,
401 3232 477 3272 cum
493 3205 658 3288 floruerit,
679 3227 738 3294 par
759 3205 817 3270 tibi
841 3230 969 3296 campus
992 3208 1062 3273 erit.

165 3325 208 3392 45
251 3317 339 3384 Alba
360 3316 490 3402 ligustra
510 3327 581 3379 tuae
600 3322 765 3398 nequeunt
785 3313 934 3378 accedere
954 3315 1050 3398 laudi,

292 3423 434 3509 Pixaque
456 3418 623 3508 cespitibus
644 3417 713 3484 lilia
733 3419 826 3485 laude
847 3421 980 3509 premis.

250 3530 351 3596 Nulla
371 3539 440 3592 tuos
457 3537 588 3616 possunt
608 3547 742 3611 aequare
762 3527 884 3593 rosaria
904 3529 1020 3610 vultus,

293 3631 379 3696 Cum
398 3653 459 3696 nec
480 3631 582 3708 adhuc
605 3630 705 3718 spinis
726 3630 766 3695 sit
788 3654 861 3696 rosa
882 3632 974 3696 vulsa
994 3633 1070 3700 suis.

250 3735 380 3818 Gratia,
404 3758 501 3822 quam
522 3736 628 3802 violae
648 3751 774 3802 maturo
796 3738 877 3803 flore
897 3751 1070 3824 merentur,

166 3855 209 3917 50
293 3841 328 3906 Si
354 3863 432 3926 quac
454 3841 621 3906 contulerit
641 3867 675 3906 se
695 3842 769 3927 tibi,
797 3844 872 3909 vilis
895 3844 965 3911 erit.

251 3948 330 4014 Non
352 3947 496 4010 Helenae
517 3957 637 4031 mater,
657 3971 717 4013 nec
735 3971 793 4036 par
814 3949 872 4014 tibi
894 3949 959 4016 filia
981 3951 1097 4033 Ledae,

295 4053 385 4117 Haec
407 4051 555 4137 quamvis
579 4053 730 4118 Paridem
752 4055 907 4137 moverit,
934 4055 990 4120 illa
1010 4056 1136 4122 Iovem.

254 4155 420 4245 Compulit
440 4156 496 4222 illa
516 4157 632 4222 Iovem
656 4161 752 4250 cycni
771 4161 897 4225 latuisse
916 4160 974 4226 sub
999 4161 1066 4243 alis,

293 4261 461 4354 Compulit
481 4263 537 4329 illa
559 4263 705 4352 Phrygas
726 4287 820 4330 saeva
841 4265 898 4334 sub
916 4287 1007 4333 arma
1028 4265 1131 4330 duces.
