2992 4826
790 253 836 324 28

340 443 416 511 Hoc
433 442 537 530 itaque
556 439 684 508 insuetis
705 438 806 506 iactor
825 439 947 528 magis,
975 440 1116 529 optime,
1131 442 1239 527 ciuis,

258 559 301 622 10
385 546 473 634 Quid
493 546 534 612 de
549 556 580 611 te
598 545 723 635 possim
743 543 884 613 scribere
905 544 1025 632 quidve
1044 545 1120 612 tibi:

338 652 490 738 Namque
510 648 649 735 (fatebor
668 650 771 736 enim)
792 673 871 737 quae
890 649 1035 716 maxima
1057 651 1236 718 deterrendi

383 754 512 842 Debuit,
531 753 681 822 hortandi
699 753 846 821 maxima
863 776 954 820 cerua
972 753 1044 824 fuit.

341 861 443 928 Pauca
463 871 516 928 tua
535 859 572 929 in
590 871 713 928 nostras
737 870 896 928 venerunt
915 860 1057 926 carmina
1078 861 1210 948 chartas,

382 965 537 1034 Carmina
561 988 637 1032 cum
656 964 781 1054 lingua,
801 975 873 1030 tum
889 963 954 1030 sale
975 965 1145 1053 Cecropio,

257 1081 301 1146 15
342 1070 507 1154 Carmina,
531 1092 610 1158 quae
629 1068 779 1158 Pylium,
799 1070 908 1140 saeclis
930 1081 1058 1159 accepta
1078 1069 1209 1154 futuris,

387 1174 557 1258 Carmina,
578 1197 658 1261 quae
673 1169 814 1262 Pylium
834 1174 967 1242 vincere
987 1175 1083 1263 digna
1102 1199 1226 1244 senem.

345 1277 495 1348 Molliter
514 1279 570 1348 hic
589 1278 691 1346 viridi
710 1279 834 1370 patulae
853 1279 1070 1369 subtegmine
1089 1305 1224 1371 quercus
1310 1348 1316 1356 .

389 1384 514 1452 Moeris
531 1398 675 1477 pastores
688 1397 727 1474 et
745 1383 925 1454 Meliboeus
948 1400 1049 1471 erant,

341 1489 457 1558 Dulcia
476 1493 622 1558 iactantes
643 1490 766 1558 alterno
778 1490 923 1558 carmina
940 1515 1050 1577 versu,

260 1606 303 1671 20
386 1595 503 1682 Qualia
522 1597 711 1665 Trinacriae
733 1597 841 1664 doctus
859 1609 944 1664 amat
962 1597 1102 1668 iuvenis.

202 1743 204 1748 ,
343 1699 499 1768 Certatim
520 1703 676 1770 ornabant
693 1726 807 1770 omnes
826 1703 961 1770 heroida
981 1702 1087 1786 divae,

384 1805 539 1873 Certatim
560 1806 653 1874 divae
672 1829 808 1874 munere
828 1832 968 1897 quaeque
988 1833 1057 1875 suo.
1111 1827 1121 1832 ··

343 1908 486 1978 Felicem
507 1924 578 1978 ante
598 1912 675 1978 alias
694 1923 783 1979 tanto
803 1912 961 2006 scriptore
983 1913 1140 2003 puellam!

386 2013 500 2084 Altera
518 2041 585 2082 non
605 2015 693 2083 fama
713 2017 832 2086 dixerit
851 2043 919 2085 csse
939 2021 1045 2109 priora

262 2126 306 2192 25
346 2117 426 2186 Non
446 2122 518 2205 illa,
538 2121 755 2210 Hesperidum
774 2121 812 2186 ni
832 2145 969 2192 munere
989 2139 1077 2216 capta
1097 2125 1216 2211 fuisset,

390 2225 482 2312 Quae
497 2227 665 2294 volucrem
686 2248 779 2291 cursu
799 2226 920 2293 vicerat
940 2231 1203 2319 Hippomenem5

346 2331 490 2398 Candida
510 2353 632 2422 cycneo
654 2353 722 2396 non
742 2329 825 2397 edita
845 2330 1012 2418 Tyndaris
1034 2356 1119 2416 oro;

389 2437 470 2503 Non
491 2462 606 2528 supero
626 2436 751 2526 fulgens
764 2434 935 2524 Cassiopea
955 2439 1053 2528 polo;

346 2543 426 2609 Non
447 2543 575 2610 defensa
596 2543 652 2610 diu
672 2544 845 2609 volucrum
865 2543 1039 2610 certamine
1058 2567 1225 2632 equorum,

264 2661 309 2724 30
390 2649 551 2740 Optabant
572 2649 689 2716 Graiae
710 2671 807 2737 qoam
826 2645 888 2713 sibi
910 2671 1051 2736 quaeque
1070 2672 1196 2734 manus,

349 2756 451 2844 Saepe
472 2756 615 2822 animam
635 2754 746 2844 generi
766 2777 827 2843 pro
848 2777 910 2840 qua
929 2768 1018 2844 pater
1038 2757 1144 2846 inpius
1165 2754 1278 2838 hausit,

394 2863 494 2952 Saepe
514 2863 614 2930 rubro
637 2861 726 2929 Eleis
748 2859 901 2946 sanguine
921 2859 1015 2928 fluxit
1037 2861 1152 2926 humus
1159 2885 1172 2944 3
1247 2943 1249 2947 ι

279 3017 282 3026 i
351 2967 455 3054 Regia
475 2992 543 3033 non
565 2966 701 3050 Semele,
724 2989 793 3032 non
813 2965 939 3032 Inachis
960 2964 1134 3032 Acrisione

390 3073 515 3139 Inmitti
536 3084 685 3161 expertae
697 3069 843 3136 iulmine
863 3083 895 3136 et
913 3070 1020 3136 imbre
1039 3071 1174 3154 Iovem3

265 3190 310 3256 35
352 3163 450 3246 Cuius
471 3189 500 3242 et
521 3177 709 3266 obreptum
729 3175 812 3265 pulsi
835 3177 959 3262 liquere
979 3187 1107 3260 penates

393 3281 565 3368 Tarquinii
585 3281 722 3370 patrios,
748 3279 832 3348 filius
853 3293 944 3368 atque
965 3299 1063 3370 pater,

350 3389 413 3454 Illo
434 3411 497 3474 quo
517 3386 663 3476 primum
685 3385 866 3454 dominatus
886 3371 994 3452 Roma
1013 3386 1167 3474 superbos

393 3493 532 3560 Mutavit
551 3493 684 3583 placidis
705 3503 852 3582 tempore
873 3491 1066 3560 consulibus.

351 3599 471 3682 Multa,
496 3621 598 3686 neque
618 3596 777 3664 inmeritis
799 3597 933 3662 donavit
952 3597 1095 3687 praemia
1116 3597 1264 3684 alumnis,

268 3707 312 3780 40
393 3707 540 3772 Praemia
560 3705 706 3771 Messalis
726 3703 872 3768 maxima
893 3704 1078 3792 Poplicolis.

352 3813 442 3880 Nam
456 3811 531 3899 quid
546 3835 606 3900 ego
618 3809 759 3878 inmensi
772 3831 956 3874 memorem
971 3809 1073 3875 studia
1085 3809 1145 3876 ista
1156 3810 1299 3879 laboris?

394 3917 539 3986 Horrida
559 3917 636 4005 quid
658 3916 755 3982 durae
775 3927 926 4006 tempora
947 3917 1104 3985 militiae?

353 4028 464 4093 Cmtra
484 4021 558 4089 foro
582 4023 711 4109 solitos,
732 4024 806 4090 urbi
825 4047 1025 4114 praeponere
1045 4038 1149 4090 castra

393 4131 479 4198 Tam
500 4129 612 4219 procul
632 4129 696 4195 hoc
715 4142 808 4215 nato,
837 4141 904 4196 tam
924 4132 1037 4220 procul
1058 4132 1117 4197 hac
1140 4126 1261 4218 patria3

270 4249 314 4320 45
352 4237 554 4307 Inmodcrata
579 4236 642 4325 pati
666 4237 733 4302 iam
753 4235 889 4324 frigora,
908 4237 1036 4324 iamque
1056 4234 1187 4319 calores,
1274 4311 1277 4316 Ι

398 4346 533 4414 stertere
553 4344 608 4410 vel
628 4339 707 4410 dura
734 4365 828 4432 posse
847 4365 943 4434 super
961 4341 1060 4424 silice,
