2994 4828
722 191 928 293 Q

740 379 909 436 Duodecimi.

356 477 486 544 Turnus
506 486 541 542 ut
559 473 710 543 infractos
731 478 863 544 vidisset
883 491 913 544 et
933 478 1075 564 undique
1095 489 1213 564 caesos,

354 583 450 649 Ultro
473 579 689 646 Anchisiaden
714 581 800 645 bello
820 585 885 669 per'
897 581 1028 649 foedera
1048 583 1160 670 poscit.

273 698 314 763 55
357 687 449 772 Quae
467 687 599 750 Iuturna
619 697 707 771 parat
727 687 926 771 convellere,
945 686 1001 751 sed
1022 700 1125 752 tamen
1146 687 1245 753 armis
1267 677 1269 696 ³

354 791 497 876 Occidit,
518 801 549 854 et
566 801 695 876 pactum
715 790 807 877 liquit
828 813 905 856 cum
926 792 1058 878 coniuge
1077 781 1224 880 regnumss

610 962 1030 1164 Epitophi3i5n4Virgilii.

349 1191 418 1281 Qui
439 1191 581 1257 cineres?
603 1189 717 1256 tumuli
737 1191 814 1255 haec
833 1192 991 1278 vestigia?
1020 1191 1180 1258 conditur
1201 1194 1281 1260 olim

389 1298 450 1363 Ille
471 1297 550 1382 hoc,
570 1295 625 1383 qui
644 1293 759 1408 cecinit
778 1318 906 1384 pascua,
927 1319 1018 1383 rura,
1040 1297 1143 1400 duces.

771 1473 858 1551 865·Ι

703 1585 747 1650 In
769 1585 924 1650 eundem:
954 1628 955 1634 κ

343 1700 464 1766 Tristia
484 1698 547 1766 fata
565 1701 612 1766 tui
631 1701 710 1765 dum
730 1700 787 1766 fles
808 1699 844 1764 in
857 1699 1030 1787 Daphnide
1048 1698 1164 1782 Flacci,
1195 1728 1198 1734 ¹

342 1807 446 1872 Docte
465 1805 579 1890 Maro,
599 1804 734 1871 fratrem
754 1805 803 1871 dis
824 1805 1060 1870 immortalibus
1082 1813 1204 1888 aequas
1319 1866 1323 1872 ,

756 1955 853 2060 'aaa

747 2097 771 2162 I
777 2106 867 2162 tem}
907 2125 910 2134 ·

336 2231 388 2296 De
406 2253 502 2319 grege
522 2244 631 2321 pasto,
650 2256 726 2298 rure
748 2242 830 2312 sato,
855 2229 934 2292 duce
954 2251 1071 2311 nempe
1091 2229 1219 2295 subacto

379 2335 450 2400 Nec
468 2338 535 2418 lac,
559 2358 620 2400 nec
639 2348 774 2420 segetes,
802 2356 863 2399 nec
881 2333 984 2421 spolia
1003 2333 1066 2398 ulla
1086 2333 1155 2396 tuli.
1193 2383 1195 2388 ,

333 2619 451 2684 Pascua
470 2641 586 2705 rusque
605 2643 719 2684 canens
739 2507 959 2708 pitigianam,
986 2619 1070 2686 bella
1090 2617 1256 2705 sequebar,

374 2723 534 2788 Nondum
553 2722 701 2790 finieram
723 2722 895 2808 Virgilius:
925 2721 1036 2824 perlis

762 2899 844 2975 868·

330 3011 453 3094 Silvas,
474 3032 566 3092 rura,
580 3009 667 3087 ¹acies
689 3011 800 3076 cecini.
843 3009 931 3074 Mihi
951 3008 1083 3074 Mantua
1101 3023 1216 3096 mater,

368 3116 502 3182 Nomen
526 3108 698 3202 Virgilius,
720 3115 921 3202 Parthenope
940 3116 1090 3181 tumulus.

427 3400 484 3467 De
503 3411 612 3469 morte
636 3401 678 3470 V
675 3403 797 3490 irgilit
811 3400 873 3468 sub
893 3403 1029 3468 nomine
1051 3399 1158 3469 Galli.

325 3515 542 3602 Temporibus
561 3517 648 3582 laetis
666 3517 845 3600 tristamur,
872 3517 1017 3582 maxime
1038 3519 1162 3600 Caesar,

365 3619 439 3682 Hoc
459 3643 523 3683 uno
544 3620 680 3704 amiss0,
711 3644 808 3707 quem
827 3620 889 3685 fleo
911 3621 1099 3707 Virgilium.

321 3721 383 3787 Sed
404 3723 504 3789 vetuit
523 3725 638 3810 relegi,
666 3725 694 3789 si
714 3739 747 3789 tu
766 3724 902 3812 patiere,
920 3725 1056 3811 libellos,

361 3827 401 3891 In
422 3827 535 3914 quibus
555 3827 703 3894 Aeneam
723 3828 866 3892 condidit
885 3851 943 3892 ore
962 3849 1064 3893 sacro.

237 3942 257 4004 5
319 3929 426 3997 Roma
445 3945 549 4018 rogat,
570 3933 718 4020 precibus
738 3943 818 3996 totus
836 3930 894 3996 tibi
914 3931 1070 4019 supplicat
1090 3933 1188 4016 orbis,

359 4035 412 4099 Ne
432 4047 564 4122 pereant
584 4038 725 4102 flammis
746 4048 792 4101 tot
811 4049 1018 4101 monumenta
1039 4036 1168 4103 ducum.

315 4137 423 4224 Atque
444 4137 561 4201 iterum
584 4141 720 4206 Troiam
742 4141 796 4205 sed
818 4139 922 4202 maior
942 4138 1076 4207 flamma
1097 4141 1269 4222 cremabit3

355 4243 418 4307 Fac
438 4241 545 4307 laudes
566 4242 697 4328 Italum,
719 4243 769 4309 fac
789 4256 841 4310 tua
861 4243 942 4311 facta
960 4243 1034 4332 legi,
