2876 4824
29 2099 32 2310 l

657 301 682 348 V

103 479 218 552 -vitiis
250 488 401 567 scatent,
429 487 536 571 etque
559 477 791 550 Burmannus
823 501 949 550 amnas
973 481 1051 552 fere
1078 481 1209 555 lectio-

105 601 183 650 nes
209 579 283 648 iana
310 579 541 670 excerpserit.

217 678 297 748 Nec
324 678 629 772 praetereundum
662 687 734 766 est,
769 678 800 748 J.
826 679 867 747 C.
891 679 1071 750 Orellium
1096 681 1142 752 V.
1169 682 1210 750 C.

107 781 211 851 dnos
234 778 327 846 nihi
360 777 511 848 Codices
544 776 765 848 Turicenses
788 779 996 868 tradidisse,
1034 783 1096 872 qui
1114 782 1211 850 inter

108 889 240 950 cetera
261 887 428 970 poemate
452 877 706 970 epigrammate
726 876 863 971 aliquot
876 875 1113 972 Antbologise
1136 903 1211 950 no-

109 991 215 1048 strae
241 978 482 1048 continebant
531 975 602 1048 His
627 977 793 1046 erunibus
817 978 925 1048 rebus
950 979 1146 1050 insulanus
1170 980 1210 1051 in

110 1077 370 1150 constituenda
391 1075 547 1146 lectione
570 1075 632 1148 bic
645 1077 719 1146 illic
735 1077 863 1146 melius
883 1080 1019 1150 versari
1034 1091 1210 1172 poteram,

107 1180 331 1272 praesertim
355 1199 438 1245 cum
453 1173 639 1244 Addcndu
661 1165 850 1248 amborudt
873 1179 1098 1250 voluminum
1112 1178 1211 1248 Bur-

109 1277 262 1365 rn'enni,
294 1299 384 1367 quae
408 1300 429 1344 s
450 1275 705 1354 Wernsdorfio
741 1277 780 1347 iu
803 1279 919 1370 poetis
943 1278 1064 1348 latinis
1088 1278 1212 1348 anino·

111 1377 221 1447 ribus
254 1369 376 1467 (quos,
408 1387 451 1445 ut
484 1376 602 1445 obiter
638 1398 822 1467 maneam,
868 1401 944 1447 non
976 1401 1023 1446 ex
1054 1378 1213 1448 editione

111 1473 420 1564 Helrnstadiensi‚
471 1474 535 1544 sed
565 1475 779 1565 Parisiensi‚
815 1501 905 1569 quse
936 1501 966 1546 a.
1003 1477 1097 1546 1814
1129 1486 1211 1545 octo

109 1573 361 1647 voluminibus
390 1573 546 1666 prodiit,
576 1576 689 1644 citare
710 1572 825 1669 soleo)
858 1577 1020 1669 neglecta
1043 1576 1211 1661 mirabar,
1252 1647 1258 1656 ,

108 1673 437 1766 locupletissimum
455 1697 571 1744 novae
596 1675 765 1746 editionis
790 1677 946 1746 fundum
970 1698 1051 1743 esse
1074 1673 1212 1742 iutelli-

109 1795 264 1866 gerem.·
300 1769 419 1865 Atque
442 1773 535 1842 hanc
549 1771 789 1863 Antbologiee
807 1783 947 1862 partem
960 1771 1005 1840 iis
1029 1771 1212 1863 epigram-

110 1871 224 1942 matis
248 1871 352 1960 suxi,
391 1893 484 1963 quse
508 1895 555 1940 ex
579 1871 704 1940 codice
736 1869 908 1938 Gotbano
932 1869 1151 1940 Duebnerus
1173 1871 1214 1938 in

107 1972 239 2040 Jabnii
270 1969 470 2042 Annalibus
507 1970 612 2034 1818.
646 1964 744 2035 Vnt
779 1967 916 2060 57118.
951 1969 1035 2036 510.
1061 1981 1098 2042 et
1120 1967 1211 2062 Aug.

111 2070 239 2146 Maius
261 2072 301 2138 in
327 2068 448 2136 Temo
474 2063 537 2142 ΠΙ.
570 2063 807 2137 Clusinorum
830 2064 1032 2138 Auctorem
1059 2092 1079 2138 e
1104 2069 1212 2140 Vati-

111 2170 217 2240 mnis
243 2165 345 2236 codd
370 2165 550 2232 editorum
579 2163 683 2236 1851·
716 2187 752 2256 p.
780 2166 851 2254 559
876 2169 916 2237 in
937 2167 1057 2238 lucem
1083 2167 1211 2238 emisit.
1258 2159 1261 2165 ’

216 2264 337 2338 Altera
365 2260 606 2356 Anthologise
636 2287 722 2355 pars
753 2289 799 2336 ex
830 2267 1038 2338 auctoribus
1067 2268 1211 2336 littera-

111 2389 200 2439 rum
219 2366 465 2434 Romanunun
480 2374 649 2456 excerpta
669 2373 736 2432 est.
782 2363 899 2434 Multa
917 2366 1013 2438 enim
1029 2367 1211 2459 epigram-

113 2478 213 2539 rnata
228 2465 271 2533 ab
285 2463 487 2550 historicis,
511 2463 727 2550 oratoribus,
750 2465 1063 2558 epistolographis,
1086 2489 1211 2556 grum-

114 2566 275 2652 matteis,
299 2562 508 2634 rhetoribus
530 2563 665 2654 passim
688 2563 900 2634 afferuntur.
961 2565 1065 2634 Haec
1090 2565 1212 2633 emnia
1239 2619 1242 2628 .

115 2669 213 2738 bone
238 2673 275 2732 et
298 2664 463 2731 somnino
485 2663 611 2754 plena,
645 2673 680 2732 et
712 2663 830 2756 elogia
853 2675 917 2734 aut
938 2663 1094 2733 ludibria
1118 2685 1211 2732 con-

117 2765 257 2850 sulum,
288 2763 565 2854 imperatorum,
598 2761 757 2855 denique
782 2764 962 2851 omnium,
998 2765 1060 2856 qui
1084 2764 1123 2830 in
1146 2784 1210 2830 re-

117 2863 261 2956 publica
289 2862 384 2931 bona
422 2872 484 2931 eut
517 2861 611 2930 mela
648 2873 733 2932 sunt
768 2865 827 2932 usi
856 2864 969 2950 suna,
1014 2863 1212 2931 continent.

119 2964 256 3035 Versus
277 2959 425 3049 ludicri,
450 2983 604 3053 quorum
622 2985 789 3055 magnam
812 2973 954 3056 par-tem
978 2962 1091 3032 refert
1115 2958 1212 3028 Sue·-

118 3061 258 3148 tonius‚
282 3061 579 3152 praestantissimi
595 3073 681 3132 sunt
700 3073 808 3153 etque
831 3062 903 3128 boc
921 3061 960 3126 in
976 3083 1128 3147 poeseos
1144 3082 1212 3147 ge-

119 3183 206 3230 nere
229 3159 414 3228 Romanos
440 3158 652 3226 excelluisse
674 3159 846 3224 indicant.
895 3156 990 3221 Cum
1016 3154 1126 3243 igitur
1151 3155 1211 3223 vi-

118 3259 263 3348 derem,
288 3257 355 3326 alia
381 3256 489 3324 etism
513 3254 556 3322 ab
580 3254 789 3326 unctoribus
815 3255 1072 3346 epigrammata
1097 3252 1211 3339 citari,

119 3382 210 3451 quae
232 3383 255 3427 a
277 3357 488 3426 Busananno
520 3355 919 3446 praetermittebam,
954 3351 1043 3429 haec
1068 3374 1213 3447 quoque

120 3457 326 3552 recipienda
353 3477 432 3524 esse
453 3455 552 3524 duni.
615 3509 617 3516 .

199 3587 201 3593 ’
218 3555 346 3626 Tertia
367 3550 609 3646 Anthologiee
627 3577 712 3647 pars
737 3577 784 3628 ex
809 3552 1105 3646 inscriptionibus
1129 3564 1212 3622 nata

28 3691 29 3720 1
121 3666 185 3726 est
222 3655 373 3725 Constet
383 3653 604 3746 enirn,..plus
618 3655 878 3748 quadringenta
902 3655 1060 3722 carmina
1085 3653 1214 3744 sepul-s
1268 3699 1271 3708 .

121 3753 228 3824 erulis
246 3755 291 3823 e'x
305 3753 482 3846 lapidibus
498 3754 730 3845 descripsisse
746 3755 914 3826 editores·
960 3752 1130 3840 Quorum
1145 3751 1213 3819 alia

119 3853 351 3924 humanitatis
382 3853 509 3944 plena,
547 3853 661 3944 gratia
701 3865 738 3924 et
769 3853 902 3922 decore
933 3863 1018 3922 sunt
1046 3851 1213 3941 insignia,

120 3952 321 4046 quibusque
341 3951 435 4022 nibil
446 3952 492 4020 ad
509 3951 771 4023 absohstionern
790 3953 1122 4044 perfectionemque
1142 3949 1211 4018 de-

122 4075 201 4122 esse
224 4053 366 4140 iudico,
390 4051 507 4143 quslia
519 4063 606 4120 sunt
630 4075 684 4144 ep.
712 4049 946 4141 11741176.
975 4049 1080 4116 1181.
1109 4049 1214 4118 1181.

122 4149 229 4240 1169.
259 4149 364 4218 1145.
400 4171 505 4238 1197.
541 4149 645 4218 1501.
682 4161 787 4227 1311.
826 4149 932 4218 1146.
969 4149 1074 4217 1515.
1107 4147 1212 4216 1551.
1316 4167 1319 4176 ’

124 4249 229 4340 1149.
267 4249 372 4318 1544.
409 4249 513 4337 1549.
550 4249 654 4338 1559.
690 4249 796 4340 1576.
832 4248 937 4316 1401.
975 4243 1212 4336 14071414.

123 4348 230 4418 1418.
266 4350 378 4438 15171
410 4351 587 4420 maiorem
616 4373 705 4421 veno
735 4371 865 4434 eorum
897 4356 1037 4480 parsppn
1060 4367 1109 4414 ne
1130 4364 1214 4412 me-
