2902 4840
502 227 709 334 *ro—s-

569 422 654 502 741.
686 486 688 492 .

76 618 77 622 ,
130 567 209 622 Antii.
233 569 270 622 II.
288 569 332 623 55.
366 573 409 621 De
431 567 519 618 sacris
546 566 665 618 evocatis
689 559 796 622 animas
812 575 976 644 Magnorum
998 597 1057 632 mss.
1083 583 1150 640 vos,

71 652 156 722 Scalig.
176 660 316 710 Desacris
332 660 371 709 ad
387 657 550 718 evocandum
567 673 659 706 manes
671 660 794 726 Pompeii
810 662 901 728 vulg0.
960 657 963 664 ⁴
1152 627 1160 646 ·

132 762 154 797 1.
166 746 352 816 praenoscere]
370 765 416 799 ms.
434 744 512 796 Voss.
528 760 684 811 pernoscere
701 746 789 810 vulgo.

128 851 153 884 a.
169 835 298 905 reilgione
314 833 411 902 Sapor]
429 852 477 886 ms.
503 832 540 882 Η.
564 832 695 897 Scaliger,
718 833 879 902 Scriverius,
900 836 1019 897 Valesius
1041 849 1075 902 ad
1097 852 1164 906 Am-

71 920 169 974 mianum
185 923 266 974 Marc.
284 923 384 974 Xv111.
403 927 429 974 4.
465 925 539 973 Dum
555 924 630 988 apud
641 923 770 994 Sirmium
780 925 846 977 hasa
864 929 1007 1000 diligentia
1024 955 1163 1004 quaerun-

71 1019 112 1060 tur
131 1012 265 1079 impensa,
288 1012 407 1062 Orientis
423 1008 544 1078 fortuna
562 1010 744 1078 periculorum
775 1014 907 1068 terribiles
932 1019 1010 1070 rubas
1037 1025 1163 1094 instabat,

68 1103 123 1150 lies
142 1101 212 1150 enim
227 1101 350 1151 Persidis
369 1098 497 1168 serarum
513 1101 650 1170 gentium,
676 1119 745 1170 quas
763 1103 910 1170 placarat,
934 1110 1098 1164 adiumentis
1115 1136 1166 1170 ac.

69 1189 174 1250 cinctus,
192 1190 362 1258 augendique
378 1192 455 1260 regni
470 1191 622 1259 cupiditate
637 1205 721 1257 supra
738 1191 856 1242 homines
868 1197 1007 1264 flagrans,
1024 1219 1104 1254 arma
1119 1208 1165 1257 oi-

69 1295 156 1345 resque
167 1276 290 1346 parabat
308 1289 335 1329 et
351 1289 524 1342 commeatus,
542 1277 698 1330 consilia
717 1281 900 1332 tartareis
917 1286 1083 1339 manibus
1100 1295 1164 1343 mi-

69 1381 162 1414 scens
179 1376 206 1417 et
223 1367 450 1436 praestigiatores
468 1387 556 1419 omnes
573 1367 710 1418 consulens
729 1369 760 1418 de
771 1366 892 1436 suturis.
930 1371 1003 1438 Quae
1031 1375 1063 1426 ad
1081 1349 1167 1448 Sipo-

69 1468 120 1502 rem
136 1463 252 1506 nostrum
271 1456 433 1524 humanaque
458 1456 513 1506 cius
538 1455 661 1506 sacrificia
684 1455 815 1522 pertinere
838 1458 961 1510 arbitror.
996 1460 1079 1528 Sopor
1097 1468 1165 1518 enim

67 1539 198 1595 Persarum
217 1563 264 1597 rex
281 1545 472 1613 appellabatur.
497 1569 532 1584 ·-
562 1543 661 1610 impius
683 1540 803 1611 infanda
820 1544 960 1616 religionis
984 1567 1050 1616 aper
1074 1555 1163 1618 vulgo.

68 1628 197 1698 infandae
214 1634 355 1703 religionis
371 1637 448 1702 Aper
464 1649 511 1682 ms.
529 1629 622 1695 Scalig.
642 1647 707 1696 apes
729 1649 777 1682 ms.
796 1629 873 1684 Voss.
906 1633 1026 1688 Humana
1042 1641 1166 1694 sacrificia

66 1725 119 1771 turn
135 1739 186 1772 non
203 1721 311 1789 amplius
329 1722 398 1790 apud
415 1719 544 1770 Romanos
561 1719 589 1770 in
607 1737 655 1769 usu
671 1721 757 1770 fuere.

130 1811 156 1863 5.
169 1812 291 1880 pectoris
305 1806 434 1880 ingenui]
452 1807 470 1858 i.
489 1824 514 1857 c.
532 1807 644 1875 pectoris
660 1808 775 1859 humani.

177 1899 309 1950 salientia
325 1916 352 1948 o.
364 1895 499 1968 flammis]
516 1886 654 1964 sapientia
670 1915 695 1947 v.
709 1901 841 1967 flammas
862 1915 910 1950 ms.
929 1895 1006 1954 Voss.
1030 1905 1168 1973 sapientia

67 2011 112 2044 ms.
126 1987 192 2042 Scal.
203 1989 342 2056 spirantia
354 1988 461 2038 oiseera
474 1983 506 2034 B.
520 1982 581 2050 (non
598 1984 737 2052 spirantia
753 1994 818 2036 exta
831 2003 857 2038 v·
868 1986 941 2040 Add.
953 1989 987 2042 Τ.
997 1990 1032 2043 ΙΙ.
1042 2008 1069 2059 p.
1085 1993 1165 2062 716.).

132 2079 160 2132 5.
178 2076 212 2129 ab
229 2075 343 2144 Elysiis]
362 2073 397 2126 ab
415 2093 429 2125 e
445 2071 557 2142 Libycis
572 2090 634 2124 mss.
652 2071 721 2128 scal.
738 2071 817 2128 Voss.

132 2170 160 2224 8.
179 2166 270 2234 terris]
290 2175 364 2218 terra
379 2162 513 2219 Francius.

588 2328 671 2403 742.

132 2449 216 2503 Anth.
233 2447 267 2500 II.
286 2445 329 2500 36.
364 2449 408 2500 De
424 2447 567 2516 insepultis
585 2449 668 2498 claris
683 2463 732 2496 ms.
751 2444 848 2510 scalig.
867 2445 900 2494 de
915 2445 1053 2513 Pompeiis
1064 2465 1134 2514 tngo.

133 2543 161 2595 5.
179 2535 310 2610 Magnus]
334 2536 354 2587 i.
380 2553 404 2588 e.
423 2537 564 2606 Pompeius
581 2535 698 2600 Magnus.
721 2551 836 2603 magnus
852 2543 881 2584 et
895 2534 945 2585 hoc
960 2533 1067 2587 homine
1084 2538 1171 2588 maior

66 2632 135 2683 Cato
152 2631 199 2700 qui
211 2626 310 2697 procul
327 2645 345 2677 a
364 2636 389 2675 te
406 2643 467 2675 mss.
485 2623 564 2675 Voss.
584 2623 681 2685 Scalig.

184 2718 302 2768 humano
320 2711 417 2776 maior]
437 2729 462 2761 r.
483 2710 564 2760 Ovid.
583 2707 651 2758 Fast·
670 2706 704 2757 11.
724 2705 784 2758 503·

188 2801 281 2872 quam]
298 2799 392 2850 Heins.
411 2799 459 2866 qui
475 2796 565 2862 vulgo.

137 2891 165 2950 4.
183 2890 303 2958 adspicis
317 2915 354 2948 -,
370 2884 442 2953 tuos]
466 2903 514 2936 ms.
537 2881 616 2937 Voss·
640 2880 739 2950 Scalig.
763 2911 798 2922 -
819 2881 951 2952 adspicit,
973 2882 1042 2948 m,
1064 2881 1173 2946 dmm,

66 2989 169 3050 Roma,
185 2982 273 3035 iacere
289 2993 361 3029 suos.
377 2975 467 3040 vulgo.

587 3101 673 3178 743.

140 3203 220 3283 latin.
239 3225 352 3280 11.232.
376 3239 410 3278 ox
433 3220 586 3291 Quintiliani
610 3220 735 3271 institute.
760 3217 834 3274 VIII.
859 3219 891 3286 5,
915 3233 959 3286 ²9·
988 3185 1175 3286 'Fragmentirm

69 3328 112 3376 ost
128 3318 235 3372 maioris
252 3313 449 3385 epigrammatis,
466 3313 568 3380 opinor,
585 3309 699 3377 Virgilii.

591 3438 676 3514 744.

143 3566 226 3619 Anti.
243 3565 279 3618 11.
297 3565 341 3618 48.
374 3565 451 3617 Mors
468 3560 580 3616 Catonis
595 3577 643 3640 ms.
662 3557 740 3611 Voss.

145 3674 170 3708 1.
185 3653 328 3721 invictum]
345 3651 377 3703 Β.
395 3652 520 3704 Oudend.
538 3649 658 3702 invictus
674 3645 763 3714 vulgo.
780 3644 870 3695 Klotz·
888 3642 915 3694 in
924 3640 1014 3693 Antio.
1026 3657 1054 3707 p.
1065 3640 1117 3706 85,
1134 3640 1179 3707 qui

69 3745 260 3802 nominativum
276 3760 325 3812 pro
341 3740 460 3795 vocativo
477 3741 592 3808 positum
608 3733 715 3802 accipit.

144 3982 229 4037 sna.
247 3981 282 4036 11.
298 3980 343 4050 49.
385 3972 386 3976 ‘
590 3881 675 3958 Μ’

144 4088 171 4125 2.
190 4071 276 4139 victa]
293 4073 354 4126 vita
370 4088 418 4122 ms.
435 4065 514 4121 Voss.
619 4105 623 4112 .

146 4162 175 4215 5.
196 4161 261 4233 qua]
279 4179 330 4232 quo
346 4159 443 4212 Heins.

146 4250 175 4301 ὁ.
193 4247 371 4319 involvitque]
389 4261 501 4306 moram,
518 4223 657 4306 noluitque
674 4235 766 4288 Heius.
782 4239 864 4284 recto.

150 4336 177 4388 6.
196 4340 280 4390 scires
295 4347 328 4388 ut
336 4332 428 4406 serso]
447 4331 575 4384 sciremus
587 4324 667 4399 serra
684 4339 731 4376 ms·
749 4319 827 4374 Voss.

108 4439 165 4493 ss.
184 4439 219 4492 r.
237 4441 262 4495 1.
491 4502 492 4506 g
943 4379 983 4459 43
