2992 4826
774 232 827 312 ⁷4

696 321 900 347 m

328 425 373 496 Et
391 424 510 496 fallacis
532 423 605 513 equi
626 423 819 506 moruorum
838 445 956 497 mimus
975 423 1012 493 iu
1036 428 1146 514 ermis,

240 547 290 612 ,10
331 533 470 606 Perfidia
491 542 643 618 notusque
665 529 767 598 Sinon
786 529 963 619 amissaque
987 532 1148 616 ooniunx3

328 642 391 707 Per
411 635 535 705 medios
556 636 645 724 ignes
666 633 785 704 oblano
806 659 961 726 saevaque
981 639 1042 706 tela

332 743 491 814 Anchises
510 742 602 816 oneri
622 737 725 812 facilia
744 742 860 834 pietate
879 742 1020 821 feneam

331 973 506 1064 Postquam
529 997 582 1044 res
601 974 701 1044 Asiae
721 975 914 1065 disiectaque
933 978 1063 1047 moenia
1083 977 1214 1064 Troiae,

330 1081 421 1148 Dant
438 1082 552 1170 pelago
574 1083 696 1150 classes.
736 1082 899 1172 Polydori
918 1080 1031 1167 limera
1052 1083 1176 1152 diseunt

248 1197 292 1263 15
333 1186 441 1276 Atque
461 1189 583 1254 Heleni
601 1200 785 1279 praesepta,
805 1187 907 1254 fidem
928 1190 979 1261 mi
1000 1189 1119 1256 fecerat
1139 1213 1212 1258 usus
1219 1216 1232 1276 3

333 1294 425 1382 Quae
444 1315 513 1362 non
529 1315 669 1376 accessus
688 1294 744 1361 vie
762 1295 805 1360 sit
823 1295 988 1378 tentanda,
1010 1297 1172 1386 Cyclopas

292 1455 300 1486 ,
333 1405 376 1471 Et
392 1400 522 1490 Scyllae
540 1399 646 1466 rabies
667 1412 698 1466 et
717 1399 926 1468 ineluctabilis
946 1399 1033 1466 unda

334 1506 529 1593 Errorisque
546 1505 650 1574 maria
668 1503 760 1572 labor
780 1505 817 1574 in
837 1502 997 1574 conunia
1020 1525 1142 1574 versus
1262 1585 1264 1588 ¹
1362 1503 1365 1514 ’

771 1629 833 1705 lv,

335 1735 512 1826 Arragina
533 1737 627 1826 gravi
648 1748 755 1830 peetus
776 1757 926 1802 succense
945 1733 1057 1803 dolore

249 1857 293 1923 20
332 1842 440 1912 Ardet
460 1867 571 1910 amore
588 1843 671 1928 viri,
702 1843 845 1910 clausum
865 1853 1036 1910 veneratur
1056 1863 1214 1926 amorem,

335 1951 489 2037 Dumque
508 1950 605 2040 cepit,
624 1951 764 2042 capitm3
784 1947 895 2032 sentit,
916 1967 994 2034 quos
1012 1946 1167 2036 praebuit,
1188 1947 1277 2035 ignes

335 2053 484 2138 Aeneas3
515 2057 616 2122 altum
635 2056 730 2120 sociis
750 2067 781 2121 et
801 2055 899 2120 classe
917 2051 1045 2142 petivit.

334 2162 489 2228 Extrucle
507 2160 618 2247 regine
638 2180 723 2249 pyra
744 2157 957 2248 penetralibus
974 2157 1069 2224 instat

337 2265 447 2334 Morio
467 2261 577 2352 fugam
597 2275 771 2353 praestare,
797 2283 911 2328 morae
930 2281 991 2326 nee
1007 2261 1108 2332 defuit
1127 2264 1218 2333 bora.

785 2384 831 2453 V.

238 2504 295 2574 ‘25
335 2494 461 2562 Interea
484 2491 630 2565 medium
650 2491 778 2560 Aeneas
799 2490 949 2559 tendebat
968 2491 1004 2560 in
1025 2517 1143 2582 sequor

338 2600 473 2670 Moenia
491 2599 663 2691 respiciens
685 2621 777 2664 causa
795 2597 961 2686 flagrautm
984 2600 1117 2666 amoris.
1178 2595 1180 2601 ’

337 2707 423 2776 Mox
444 2704 551 2770 Sicula
572 2716 657 2772 tenet
676 2727 755 2772 ewa
777 2705 891 2772 domus
911 2717 1083 2793 manesque
1104 2707 1247 2796 parenlis

336 2809 510 2880 Ludorum
531 2810 673 2898 exequiis
693 2809 840 2877 celebrer.
883 2810 1008 2898 Quibus
1030 2811 1158 2878 additur
1178 2809 1241 2878 Iris

336 2917 378 2983 In
399 2915 515 2982 faciem
536 2917 655 2982 Beroea
678 2917 813 2982 classem
832 2915 1005 2982 flammare
1023 2917 1159 2983 iubentis
1258 2925 1259 2932 ’

179 3079 181 3082 .
254 3036 299 3102 30
338 3023 499 3092 Iunonem
518 3020 651 3088 mentite
671 3021 764 3088 dolo:
784 3045 925 3111 namque
944 3022 1001 3090 illa
1020 3021 1184 3100 monebat?

779 3146 842 3217 VI.

237 3232 251 3266 ⁹
340 3255 396 3319 Sic
415 3250 496 3322 fatus
515 3255 698 3324 lacrimans.
739 3253 920 3322 Cumarum
944 3255 1100 3322 adlabitur
1118 3255 1184 3320 oris

339 3361 580 3449 Descensusque
599 3384 714 3452 parans
736 3358 816 3424 obiit
835 3371 1002 3446 praecepta
1023 3359 1177 3444 Sibyllae,

341 3463 415 3552 Qua
435 3465 515 3532 duee
534 3489 602 3532 non
620 3464 760 3532 faustum
779 3459 911 3527 mortali
926 3461 1029 3528 limen
1051 3461 1165 3526 aditur.
1228 3513 1232 3519 .
1316 3539 1320 3546 Ι

339 3571 407 3638 Hic
427 3571 574 3660 primum
593 3582 730 3638 mseslos
750 3566 841 3633 videt
861 3565 945 3634 iuter
967 3577 1067 3634 celere
1088 3567 1205 3649 Troas,

258 3687 302 3756 35
343 3677 435 3744 Tum
454 3689 580 3767 petrem
601 3674 751 3764 agnoscit,
763 3671 866 3740 ‘discit
884 3672 1026 3740 reditura
1046 3672 1205 3739 subortus

344 3783 492 3873 Corpora
511 3804 726 3870 romanosque
747 3780 841 3848 duoes
860 3778 1040 3868 seriemque
1060 3791 1228 3870 nepotum.

772 3905 850 3975 VII.

340 4017 397 4084 Tu
417 4039 544 4105 quoque
563 4015 710 4083 litoribus
730 4012 869 4097 nostris,
889 4010 1011 4094 Caieta,
1032 4009 1187 4093 manebis,

339 4125 459 4197 ,Servat
478 4120 582 4188 honos
604 4142 743 4203 nomen,
771 4117 870 4209 pietas
890 4128 1019 4184 testatur
1036 4115 1207 4183 honorem.

347 4229 451 4298 Causa
470 4235 550 4318 opus
571 4226 764 4314 insequitmz
793 4223 917 4292 bellum
937 4245 1076 4310 namque
1096 4217 1210 4308 incipit
1228 4241 1307 4299 esse,

260 4343 304 4415 40
346 4335 536 4426 Tyrrhidae
555 4334 712 4403 iuvenum
733 4328 820 4419 quod
840 4343 916 4400 tune
936 4329 1131 4398 oonflaverat
1149 4324 1209 4395 ira.
