2994 4828
645 225 695 309 69

190 441 215 479 1.
233 435 261 478 et
277 423 383 491 nomen]
400 442 432 476 en
448 422 493 476 vel
508 439 546 474 on
561 419 595 473 Β.

187 530 215 565 1.
233 524 354 566 nostrum
371 509 495 577 cinerem]
520 509 548 562 in
574 508 658 578 epigr.
682 521 740 575 119.
767 509 897 562 Vivorum
915 513 998 566 cineri
1024 518 1062 568 eir
1086 526 1133 568 ruo
1150 525 1226 578 ⁴terre

121 603 215 743 kmi.
234 684 394 759 sepulchris]
411 684 526 755 sepultis
542 683 684 736 Schrader.
701 680 774 755 111111.
790 682 823 736 Β.
842 683 877 738 Τ.
897 685 920 740 1.
938 705 965 757 p.
986 689 1044 758 744.

186 794 213 846 9.
230 776 322 843 sacro]
340 786 405 832 atro
421 791 481 827 mse.
500 771 578 824 Voss.
595 771 663 824 Scal.

634 939 715 1012 138·

186 1037 268 1116 111111.
286 1060 335 1114 ῙΠ.
353 1057 412 1112 154.
431 1061 467 1110 ln
483 1073 543 1108 eum
560 1056 609 1125 qui
624 1055 745 1126 maligne
761 1056 873 1108 iocatur
889 1075 936 1110 ms.
954 1055 1032 1111 Voss.

186 1167 212 1201 1.
231 1159 264 1201 at
285 1143 362 1212 sunt]
386 1155 414 1197 et
435 1155 501 1196 sunt
523 1144 614 1210 vulgo.
641 1153 674 1196 er
690 1155 756 1197 sunt
772 1162 857 1197 carm.
880 1155 995 1216 pectora
1025 1154 1116 1197 taetro
1138 1149 1226 1216 magis

17 1225 19 1256 ³
120 1238 246 1292 Oudend.

186 1330 212 1381 5.
225 1323 331 1396 fugiet]
347 1341 407 1375 mss.
426 1320 505 1374 Voss.
522 1317 588 1371 scal.
598 1317 701 1390 fugiat
716 1325 806 1390 vulgo.
820 1322 901 1394 sugit
916 1322 1009 1376 Heius.

184 1414 213 1465 4.
230 1414 306 1465 haud
320 1438 356 1454 -
371 1411 462 1478 haud]
480 1419 531 1463 aut
546 1436 581 1447 -
598 1419 650 1460 out
666 1428 725 1466 11111.
742 1412 820 1464 Voss.
840 1412 910 1464 Scal-

185 1501 212 1554 5.
229 1501 307 1554 urbes
322 1506 358 1555 In
370 1498 513 1572 populum]
529 1495 624 1551 urbe:
640 1501 677 1550 In
691 1501 825 1570 populum
843 1499 928 1552 Gron.
946 1497 1050 1555 Wakel.
1066 1499 1099 1550 ad
1116 1497 1223 1572 Lucret.

117 1591 166 1647 IV.
184 1591 260 1643 115ο.

97 1702 100 1708 ·
183 1697 210 1749 7.
222 1676 352 1748 populus]
365 1676 483 1746 populos
500 1691 547 1724 ms.
565 1670 644 1724 Voss.

181 1768 208 1820 8.
225 1765 337 1832 motum]
354 1767 374 1816 i.
393 1782 417 1820 e.
433 1762 612 1827 furibundum,
629 1771 719 1815 mente
736 1773 901 1814 commotum.
919 1761 952 1814 Β.

184 1871 228 1908 11.
245 1856 308 1906 dum
324 1852 389 1919 sua]
404 1851 560 1920 quicumque
576 1851 653 1902 amis
669 1869 722 1904 uon
738 1852 822 1904 utitur
844 1860 935 1902 eontra
959 1860 1003 1915 te,
1029 1848 1151 1902 conviciis
1173 1849 1225 1898 tuis

115 1941 247 1994 obruitur.

186 2045 228 2081 11.
246 2037 274 2078 et
294 2046 309 2078 e
331 2025 440 2093 nostra]
463 2034 492 2077 et
510 2026 535 2078 it
558 2035 655 2104 nostro
681 2025 774 2104 Heius.
806 2029 831 2081 r't
853 2046 867 2078 e
891 2038 987 2079 nostra
1002 2026 1035 2077 B.
1067 2025 1110 2076 An
1134 2035 1161 2077 et
1185 2033 1226 2075 est

151 2114 233 2169 stre?

115 2137 151 2171 ⁷⁸⁰
186 2205 226 2257 15.
244 2203 338 2265 homo,
361 2213 389 2255 st
412 2201 515 2270 valide]
538 2202 618 2254 homo
641 2203 733 2260 valide
754 2203 849 2258 Heius.
881 2204 959 2257 bomo
983 2223 1010 2256 es
1031 2201 1139 2271 valide,
1161 2200 1224 2255 val.

115 2291 249 2350 ,Vonckius
267 2289 443 2344 1111111.
462 2309 489 2359 p·
507 2290 566 2358 741.

237 2375 363 2444 cunano]
381 2377 505 2429 carmina
522 2377 637 2430 Scriver.

237 2465 322 2532 ludis]
338 2465 412 2517 ludit
427 2483 488 2516 mss.
506 2466 585 2522 Voss.
604 2469 678 2522 Scal.

185 2557 225 2613 15.
241 2573 343 2629 perque
361 2553 460 2620 iocum]
476 2572 528 2624 per
550 2567 638 2609 torum
654 2575 714 2610 mss.
733 2553 812 2612 Voss.
830 2555 900 2612 Scel.

235 2646 302 2715 quid
317 2645 355 2694 ad
373 2642 439 2708 rem]
456 2644 474 2697 i.
486 2661 510 2696 e.
522 2644 654 2710 quomodo
665 2646 822 2702 lascivietas
832 2655 973 2716 propterea
988 2647 1106 2704 excusari
1117 2647 1224 2715 potest?

184 2732 225 2784 16.
243 2734 268 2782 si
280 2729 394 2798 plorem]
412 2740 446 2778 ut
463 2731 567 2796 plorem
582 2729 678 2786 Heius.

239 2817 307 2886 ista]
324 2818 372 2870 int.
390 2816 506 2870 crimina·
524 2814 577 2868 iste
593 2816 628 2868 Β.

183 3103 321 3160 1111111Π.
336 3101 394 3156 155.
410 3106 454 3154 De
462 3101 570 3174 fratris
580 3103 646 3172 filio
654 3100 774 3171 parvulo
789 3102 939 3156 inscribitur
955 3106 982 3156 in
993 3120 1053 3157 mss.
1061 3102 1141 3156 Voss.
1158 3106 1225 3158 Scal.

186 3211 210 3246 1.
223 3192 321 3265 stater
342 3191 456 3261 maiorq.
477 3189 633 3261 minorque}
649 3190 734 3243 maior
757 3201 797 3243 est
820 3192 860 3244 Μ.
882 3194 1003 3244 Annaeus
1029 3193 1146 3246 Novatus
1169 3195 1224 3244 sire

115 3284 153 3336 Μ.
171 3282 259 3335 Iunius
277 3282 397 3334 Annaeus
415 3281 513 3348 Gallio,
531 3280 616 3332 minor
632 3277 753 3332 Annaeus
768 3279 848 3347 Mela,
864 3291 939 3348 pater
957 3281 1063 3334 Luceni.

183 3389 209 3424 1.
229 3371 348 3438 doleant]
364 3370 457 3422 Heius.
478 3371 571 3423 doleat
586 3369 677 3436 vulgo.

183 3471 210 3522 5.
225 3470 351 3537 Morcus]
365 3469 398 3520 L.
416 3469 517 3522 Annaei
535 3469 654 3521 Senecae
670 3467 833 3536 philosophi,
851 3467 896 3536 qui
913 3467 965 3519 hoc
984 3469 1138 3536 epigramma
1155 3471 1225 3536 lecit,

115 3558 195 3621 filius,
212 3558 300 3623 quiin
317 3557 452 3612 Consolst.
469 3557 503 3608 ad
518 3557 601 3609 Helv.
620 3577 643 3610 c.
665 3558 706 3608 15.
725 3557 921 3609 blandissimus
937 3574 1004 3625 puer
1022 3557 1123 3607 dicitur.
1150 3557 1226 3608 Man-

117 3663 177 3698 cum
195 3644 264 3695 dicas
282 3645 446 3714 epigramma
461 3661 549 3713 neque
566 3655 657 3698 retum
674 3645 828 3700 absolvitur.
845 3645 961 3714 Lipsius.
980 3674 1015 3686 -
1031 3645 1064 3695 B.
1081 3661 1128 3712 per
1144 3646 1226 3698 Mar-

115 3753 176 3788 cum
193 3733 318 3800 intelligit
337 3750 396 3785 cum
414 3733 526 3784 Heinsio
543 3733 693 3799 Lucanum,
714 3733 783 3785 Iunii
799 3733 900 3784 Annaei
919 3732 1050 3785 Gallionis
1075 3742 1102 3782 et
1118 3732 1151 3782 L.
1168 3733 1225 3785 An-

114 3824 173 3875 naei
191 3821 308 3872 Senecae
327 3839 361 3875 ex
375 3824 457 3875 fratre
474 3839 574 3888 eorum,
591 3823 701 3877 Annaeo
717 3821 798 3887 Mela,
815 3830 954 3888 nepotem,
971 3821 1090 3890 adeoque
1107 3839 1156 3888 per
1169 3840 1225 3890 pa-

117 3921 192 3964 truos
215 3908 366 3963 Gallionem
397 3918 425 3962 et
447 3909 585 3967 senecam.
630 3909 763 3964 Convenit
794 3926 853 3961 cum
880 3909 992 3962 Heinsio
1018 3910 1151 3978 inscriptio
1177 3926 1224 3960 ms.

113 3999 192 4059 ,Voss-

632 4109 718 4203 1210-

183 4267 265 4321 anth.
281 4267 316 4319 Π.
333 4267 393 4320 115.
413 4268 455 4320 Cf.
474 4267 571 4322 Osanni
586 4267 664 4320 anal.
684 4265 751 4318 erit.
767 4283 796 4335 p.
814 4267 840 4318 5.
856 4265 937 4320 Both.
953 4268 981 4319 in
997 4268 1073 4319 Poet.
1091 4265 1137 4320 lat.
1153 4279 1222 4316 scen.

117 4352 150 4410 P.
167 4355 192 4408 1.
208 4374 237 4425 p.
253 4357 297 4411 81.
331 4357 469 4428 Leguntur
485 4357 516 4414 hi
531 4371 623 4422 vasus
639 4355 709 4424 apud
726 4354 845 4410 Gellium
860 4353 925 4410 XV.
941 4357 984 4409 24.
