2902 4840
699 247 903 346 „gra-

772 443 856 517 844.
912 449 915 456 ’

325 553 406 606 nuth.
424 553 459 605 ll.
483 553 542 605 250.
566 567 598 602 ex
620 547 746 601 Suetonio
770 549 804 600 de
830 549 906 602 claris
929 551 1102 617 grammaticis
1126 567 1150 602 c.
1171 549 1213 602 18.
1249 549 1368 605 Helvius

259 641 341 695 Cinna
358 660 461 696 carmen
477 659 550 694 suum
570 637 701 705 inscripsit
717 636 852 706 Smyrnam
870 639 914 691 rel
930 639 1080 708 Zmyrnam,
1098 649 1128 690 ut
1145 637 1315 708 Spaldingius
1334 644 1368 694 ad

258 732 371 799 Quintil.
395 734 431 783 X.
456 731 487 797 4,
511 732 537 784 t.
560 727 698 784 existimat.
739 723 815 779 Cous.
841 725 987 784 Weichert.
1012 731 1044 782 ad
1065 729 1143 782 Poet.
1167 728 1215 780 lat.
1239 730 1368 800 reliquiar

258 840 285 891 p.
305 835 362 891 170.

562 956 566 959 -
771 898 854 972 845.

323 987 404 1040 Anth.
420 985 456 1037 Π.
474 1002 533 1040 220.

323 1077 348 1128 5.
367 1073 450 1144 quid]
468 1075 536 1144 quid
551 1073 678 1126 meretrix
695 1083 723 1125 et
738 1073 797 1127 lene
815 1075 872 1128 doli
889 1077 956 1146 quid
965 1074 1063 1148 fingat
1080 1093 1190 1130 aratus·
1209 1075 1305 1130 Heius.

292 1350 296 1360 ,
323 1296 403 1348 Edidi
420 1312 454 1348 ex
470 1293 589 1348 Senecae
606 1293 715 1362 epistola
732 1181 839 1364 85846

767 1406 852 1482 847.

321 1517 454 1570 Arth.11.
472 1515 516 1569 55.
551 1513 673 1568 Nemausi
689 1513 717 1566 in
732 1513 804 1579 base,
821 1514 864 1566 sui
881 1521 964 1566 statua
983 1516 1125 1570 insederat.
1158 1519 1238 1587 Apud
1256 1517 1364 1574 Reime-

254 1607 320 1660 sium
336 1624 363 1676 p·
383 1605 457 1671 615..
471 1605 614 1658 Gruterum
630 1621 658 1671 p.
677 1601 753 1667 653„
776 1603 878 1654 Ferret.
894 1604 922 1656 in
938 1604 1005 1661 Mus.
1021 1605 1116 1674 Isapid.
1134 1626 1162 1675 p.
1182 1610 1240 1661 146.

324 1711 347 1746 ι.
363 1694 492 1764 patroni]
509 1694 610 1746 Neroni
630 1690 716 1761 sama
733 1688 818 1744 barba
834 1691 910 1744 Ferr.
933 1696 1035 1747 Neroni
1047 1695 1158 1765 samam
1176 1696 1260 1748 barba
1279 1698 1363 1751 Grut.

252 1784 353 1855 sabula
368 1801 423 1836 non
438 1784 528 1834 laedet
543 1781 587 1834 rel
604 1781 710 1832 invidia
726 1782 803 1834 taut
817 1783 908 1836 laedet
924 1784 1031 1852 supplet
1037 1783 1186 1839 Reinsaius.
1203 1787 1293 1839 secula
1304 1806 1364 1857 pa-

255 1876 327 1928 troni
338 1873 450 1943 samam
465 1889 519 1924 non
535 1869 654 1923 tartara
670 1868 780 1923 laedent
795 1871 827 1922 Β.

319 1980 345 2016 a·
362 1962 450 2028 tibris]
468 1962 561 2014 liberis
577 1962 680 2014 Ferret.
714 1959 821 2014 Amissis
844 1959 936 2010 liberis
958 1959 1090 2026 adoptarit
1112 1959 1247 2012 Domitius
1263 1963 1364 2016 Domi-

252 2051 317 2102 tium
333 2050 425 2102 Afrum
444 2049 577 2101 Lucanum
602 2061 628 2102 et
644 2051 790 2102 Domitium
815 2047 924 2099 Tullum
947 2048 1047 2100 fratres.
1067 2048 1133 2100 Plin.
1150 2049 1200 2116 Ep.
1219 2049 1300 2103 Vlll.
1320 2055 1363 2105 18.

252 2141 284 2194 ln
300 2140 352 2191 hoc
369 2140 554 2208 epigrammate
571 2149 753 2192 testamentum
769 2136 882 2191 Domitii
899 2145 1065 2204 memoratur,
1083 2139 1154 2207 quod
1169 2139 1272 2192 Plinius
1291 2160 1363 2210 quo-

235 2247 303 2299 .que
317 2230 336 2282 l.
353 2230 373 2280 l.
393 2238 419 2279 et
436 2229 610 2296 Quintilianus
628 2228 677 2281 VI.
696 2233 720 2294 3,
738 2245 781 2296 9².
801 2227 890 2280 citant.

353 2318 468 2385 adserit]
487 2320 591 2370 adserit
608 2321 749 2386 imperium
766 2316 845 2367 Rein.
864 2315 966 2366 adserit
983 2332 1058 2365 omne
1075 2316 1153 2366 decus
1161 2315 1195 2367 Β.

318 2404 344 2455 5.
363 2405 480 2472 iunctos]
501 2406 576 2456 addit
592 2407 666 2458 Ferr.
687 2407 765 2457 Grut.
778 2403 889 2474 fratres
904 2402 936 2454 B.
955 2414 1035 2456 natos
1051 2402 1130 2476 Rein.
1147 2403 1233 2458 Deest
1249 2405 1346 2474 vulgo.

318 2493 344 2544 4.
361 2490 441 2561 pari]
459 2493 533 2542 Ferr.
553 2492 629 2548 Grut.
641 2496 691 2562 pio
707 2493 784 2544 Rein.
814 2493 899 2544 Deest
915 2492 1005 2560 vulgo.

318 2584 344 2635 5.
357 2579 459 2652 posset]
477 2579 551 2631 Ferr.
570 2581 646 2632 Grut.
660 2583 750 2651 possit
765 2580 854 2647 vulgo.
889 2647 893 2656 ‚

318 2671 345 2724 8.
367 2668 426 2738 tua]
444 2669 519 2726 Ferr.
539 2670 617 2723 Grut.
636 2689 687 2724 sua
704 2671 794 2737 vulgo.

762 2799 844 2874 848.

316 2912 398 2964 Anth.
416 2913 453 2964 11.
474 2912 531 2965 135.
566 2909 669 2962 Recens
695 2927 752 2962 esse
774 2909 825 2962 hoc
843 2910 1005 2978 epitaphium
1022 2908 1173 2964 Patarinum
1192 2911 1282 2964 Mittin
1300 2931 1368 2968 mo-

249 3003 315 3056 nuit.
335 3002 453 3072 (Voyage
471 3001 534 3052 dans
551 3000 577 3052 le
595 3000 714 3052 Milannis
732 2999 769 3050 T.
785 2999 820 3052 Il.
839 3016 866 3066 p.
883 2999 939 3065 aa.)

319 3107 342 3143 1.
360 3091 500 3158 Maeonia]
518 3089 615 3142 Mittin.
633 3089 777 3142 Maeoniae
795 3100 821 3140 et
839 3090 941 3140 Latias
956 3088 1067 3160 liuguae
1082 3090 1171 3157 vulgo.

316 3181 343 3235 5.
361 3178 474 3251 ecquid]
490 3178 587 3231 Millin.
605 3181 644 3231 Et
660 3177 727 3247 qaid
743 3195 814 3230 mors
833 3177 951 3246 rapuit?
965 3179 1091 3248 probitas
1107 3180 1195 3248 vulgo.

365 3270 403 3321 ad
419 3267 513 3337 auras]
532 3269 570 3320 ad
586 3278 664 3320 astra
681 3267 820 3322 Schrader.
839 3267 910 3323 Add.
928 3269 962 3322 Τ.
978 3269 1017 3322 Il.
1032 3287 1061 3339 p.
1079 3269 1137 3338 724.

314 3471 395 3524 Anth.
413 3469 447 3521 Il.
465 3469 523 3522 252.
764 3380 837 3462 849

318 3577 342 3611 r.
360 3561 506 3628 dictantes]
529 3560 548 3616 i.
573 3577 597 3615 e.
614 3577 670 3612 cum
688 3558 832 3628 scripturae
850 3569 930 3613 erant.
955 3562 1060 3615 dictare
1082 3560 1150 3614 enim
1168 3565 1208 3612 est
1231 3560 1370 3615 scribere.

248 3659 382 3702 sectantes
399 3648 537 3704 Schrader.
1072 3628 1077 3638 .

315 3741 344 3792 4.
361 3757 443 3810 quom
462 3738 538 3809 quos]
558 3737 577 3793 i.
597 3756 621 3792 e.
640 3756 715 3809 quam
731 3739 763 3791 iis
781 3747 829 3808 est,
848 3755 913 3808 quos
933 3749 984 3792 etc.

759 3850 842 3925 850.
883 3863 886 3874 ·

313 3939 395 3992 anan.
414 3939 448 3991 11.
468 3940 528 3992 255.

317 4044 342 4078 ι.
362 4028 465 4096 doetus]
483 4033 579 4082 ductas
595 4029 685 4082 Barth.
702 4029 772 4082 Ata.
789 4027 865 4080 XIII.
885 4046 910 4082 2.
962 4047 965 4052 ·
1017 4045 1020 4054 ‘

313 4134 339 4168 2.
358 4117 396 4167 ad
413 4117 484 4188 leges
503 4131 530 4170 et
548 4121 620 4187 iura]
640 4122 677 4172 od
694 4135 804 4172 caussas
821 4119 943 4190 legesque
959 4113 988 4167 in
1002 4113 1067 4167 odit.
1086 4113 1161 4166 Curii
1173 4113 1375 4168 Foramariani

248 4225 271 4260 c.
288 4207 333 4260 Fr.
348 4207 457 4259 Pithoei
474 4225 501 4274 p.
519 4208 563 4258 58.
864 4199 868 4206 ’
1024 4215 1028 4227 “

360 4297 441 4364 ortis]
464 4313 502 4348 ars
519 4295 595 4350 sicuti
611 4299 691 4365 τέχνη
710 4315 725 4348 a
741 4296 894 4352 rhetoribus
909 4295 1064 4365 simpliciter
1081 4305 1130 4364 pro
1146 4302 1206 4348 arte
1222 4290 1379 4346 rhetorica

246 4384 361 4448 ponitur.
1087 4395 1090 4401 ·
1176 4394 1179 4400 ’
1226 4397 1241 4407 ··
