2876 4824
574 251 776 354 „gs-

385 639 388 648 ‚
494 548 536 632 Q.
566 440 709 616 Lesbiis·
728 543 846 615 Catuli

558 655 585 708 iu
602 653 780 705 Theotimum.

183 743 324 832 Aufugit
337 745 385 810 mi
404 745 550 812 animus:
569 743 686 823 oredo,
705 753 742 805 ut
758 743 849 826 solet,
870 743 910 807 acl
926 739 1137 811 Theotimum

224 851 372 917 Devenit.
415 852 469 916 sic
489 862 551 914 esta
579 847 762 937 perfugium
783 842 864 912 illud
883 848 986 916 babet.

183 955 271 1041 Quid
292 955 405 1019 sinon
427 953 638 1037 interd'mem,
658 975 708 1016 ne·
720 950 814 1016 illum
835 951 1006 1038 fugitivum

224 1060 368 1125 Mitteret
388 1060 429 1123 ad
449 1082 484 1124 se
503 1059 607 1141 mtto,
625 1059 682 1122 sed
703 1059 807 1144 magis
826 1060 976 1126 eiiceret?
1068 1073 1072 1080 '

114 1177 140 1237 5
183 1165 300 1230 ibimu’
322 1165 521 1252 quaesitum,
536 1185 667 1246 verum,
689 1187 730 1228 ne
749 1165 811 1253 ipsi
833 1179 1008 1246 teneamur,
1027 1165 1035 1236 J

224 1262 488 1355 Fo1mitlo.qtu'd
513 1272 595 1355 ago?
621 1271 662 1334 da
682 1275 785 1337 Venu'
807 1271 1009 1336 consilium.'

513 1525 658 1594 Decimi.
675 1527 831 1596 Laberii.

186 1633 386 1698 Democritus
408 1632 577 1698 Abderites
599 1634 751 1722 physicus
774 1633 980 1722 philosophus

185 1737 332 1823 Clipeum
355 1739 515 1804 constituit
536 1739 645 1806 contre
670 1751 820 1804 oxomum
841 1735 1052 1823 Hyperionis,

189 1839 308 1904 Oculos
328 1841 467 1905 effodere
487 1856 521 1906 ut
541 1856 644 1929 posset
665 1839 835 1928 splendore
856 1862 958 1903 aereo·

186 1945 232 2008 lta
252 1945 349 2008 radiis
371 1943 448 2008 solis
473 1947 575 2009 aciem
595 1945 706 2010 effodit
725 1940 867 2026 luminis,
901 1949 905 1960 ’

1 2071 2 2076 ’
115 2059 141 2122 5
183 2049 280 2114 Malis
299 2049 380 2110 bene
400 2053 532 2112 essene
555 2049 679 2114 videret
700 2049 834 2115 civibus.
899 2065 901 2070 '
941 2049 945 2066 '

185 2153 240 2218 sic
257 2173 316 2236 ego
328 2127 482 2251 litigentis
502 2153 712 2274 splendorem
728 2153 883 2242 pecuniae

183 2256 280 2345 Volo
295 2255 472 2323 eluc'iflcere
492 2231 631 2322 silitum
637 2259 741 2325 aetatis
763 2281 863 2343 meae,

185 2363 290 2429 Nem
311 2387 348 2428 re
368 2362 452 2429 bona
472 2387 539 2430 esse
557 2363 688 2430 videam
708 2389 847 2454 nequam
868 2365 984 2436 filium

541 2623 590 2690 D.
607 2623 803 2692 Laberii.

187 2723 379 2808 Necessitas,
406 2725 492 2790 cuius
513 2747 619 2796 =cursus
631 2725 816 2794 'uansversi
834 2727 991 2817 impetum

186 2827 366 2896 Voluerunt
386 2832 479 2896 multi
498 2832 653 2919 effugere,
684 2833 777 2922 pauci
795 2845 974 2920 potuerunt,

186 2931 260 3018 Quo
281 2958 336 3000 me
360 2937 489 3002 detrusti
515 2961 616 3025 paene
637 2938 796 3002 extremis
812 2939 979 3005 sensibus?

185 3039 293 3124 Quem
313 3041 401 3103 nulla
422 3041 570 3122 ambitio,
592 3043 680 3106 nulla
700 3064 842 3126 unquam
867 3043 1006 3130 largitio,

120 3157 142 3220 5
185 3144 302 3208 Nullus
322 3143 437 3224 timor,
457 3143 508 3207 vis
529 3145 631 3225 nulla,
652 3143 740 3207 nulla
759 3145 923 3210 auctoritas
1004 3141 1008 3152 ’

186 3247 325 3313 Movere
348 3245 449 3334 potuit
468 3248 503 3312 in
523 3248 651 3313 iuventa
673 3249 712 3312 de
733 3259 821 3332 statu,

184 3353 268 3418 Ecce
291 3349 326 3415 in
346 3363 467 3417 senecta
491 3366 525 3419 ut
546 3351 639 3418 facile
659 3352 813 3421 lehelecit'
827 3354 899 3422 loco

186 3457 262 3522 Viri
283 3457 463 3522 excellentis
484 3471 591 3548 mente
616 3461 771 3528 clemente
792 3463 874 3528 edita

186 3561 347 3627 Submissa
368 3563 510 3650 placide,
539 3564 780 3654 blendiloqueus
803 3570 915 3635 oratio.

117 3679 166 3740 10
186 3667 316 3730 Etenim
337 3669 398 3756 ipsi
420 3669 453 3734 di
473 3693 588 3757 negare
610 3672 660 3736 cui
680 3673 763 3738 nihil
787 3685 964 3761 potuerunt,

184 3771 365 3836 Hominem
384 3796 439 3838 me
460 3775 613 3860 denegare
634 3777 702 3862 quis
722 3791 827 3866 posset
845 3778 934 3866 pati?

187 3878 257 3960 Ego
279 3876 327 3939 bis
348 3877 474 3942 tricenis
495 3881 584 3944 annis
606 3883 679 3948 actis
700 3884 770 3948 sine
790 3895 864 3948 uota

183 3983 288 4067 E‹1ues
309 4003 461 4046 romanus
482 4007 522 4050 ex
543 3985 610 4050 lare
630 4009 769 4072 egressus
791 3995 874 4052 meo'

183 4086 331 4150 Domum
351 4099 498 4153 revortar
518 4091 649 4156 mimus.
690 4091 861 4156 Nimirum
885 4091 947 4158 boc
969 4094 1021 4159 die

123 4199 166 4262 15
187 4189 263 4254 Uno
284 4193 354 4279 plus
376 4189 448 4256 vixi
468 4193 551 4257 mihi
572 4217 668 4280 quam
688 4197 868 4262 vivendum
889 4197 958 4265 suit.

185 4293 346 4377 Fomma,
373 4295 603 4364 inmoderata
593 4325 628 4365 m
648 4301 734 4366 bono
753 4323 849 4388 aeque
870 4317 961 4391 atque
981 4305 1017 4370 in
1038 4305 1135 4388 malo,

189 4397 224 4460 Si
245 4397 301 4461 tibi
322 4404 735 4488 e1·atlibitum,literetum
757 4409 900 4474 laudibus

746 4654 754 4698 l
