2876 4824
36 207 41 294 l
287 315 292 320 ,
664 257 689 304 v

102 435 225 508 ³uitiis
258 444 408 523 scateat,
435 444 544 527 atque
566 433 798 508 Burmannus
830 458 956 508 ornnes
980 438 1058 508 fere
1085 439 1215 512 lectio-

36 531 38 600 l
104 557 188 606 nes
216 535 290 605 ianr
317 535 549 626 excerpserit

223 634 304 704 Nec
331 634 636 728 praetereundum
669 645 741 724 est,
776 635 807 705 J.
833 637 875 704 Ο.
898 637 1078 708 Orellinm
1103 639 1148 710 V.
1176 639 1217 708 C.

36 733 38 804 ss
106 737 218 807 duos
242 734 335 802 nihi
367 733 518 806 Codices
551 732 772 804 Turicenses
796 736 1003 826 tradidisse,
1041 740 1103 830 qui
1121 740 1217 806 inter

108 845 247 906 cetera
269 844 435 926 poemata
459 835 713 926 epigrammate
734 833 870 928 aliquot
882 834 1120 930 Antbologise
1143 859 1217 906 110-

36 1007 38 1024 ,
110 947 221 1005 str'ae
248 933 488 1004 continebunt
539 933 609 1004 His
634 934 800 1004 omnibus
824 935 932 1006 rebus
956 937 1152 1008 instructus
1177 937 1217 1009 in
1250 953 1252 956 ·

36 1029 38 1074 l
110 1032 377 1105 constituenda
399 1031 554 1102 lectione
577 1031 638 1104 ltic
652 1034 726 1102 illic
742 1034 870 1104 melius
890 1037 1025 1107 versari
1041 1049 1217 1130 poteram,

36 1213 37 1224 χ
106 1136 338 1228 praesertim
362 1155 445 1201 cum
460 1130 646 1200 Addendo
668 1123 856 1204 smborurlr
879 1135 1104 1206 voluminum
1118 1135 1218 1205 Bur-

110 1233 269 1320 manni,
302 1255 392 1322 quae
415 1256 436 1300 a
458 1231 712 1309 Wernsdorlio
748 1233 787 1303 in
810 1235 937 1326 poetis
950 1235 1070 1306 latinis
1094 1235 1218 1304 miuo-

112 1333 229 1402 ribus
261 1324 383 1422 (quos‚
415 1343 458 1401 ut
491 1332 609 1400 obiter
645 1355 829 1424 moneam,
875 1356 951 1404 non
983 1359 1030 1404 ex
1061 1335 1219 1406 editione

113 1431 427 1519 Helmstudiensi,
478 1431 542 1500 sed
573 1432 786 1521 Parisiensi,
822 1458 912 1526 quse
943 1459 973 1502 s.
1009 1434 1104 1502 1814
1135 1443 1218 1502 octo

36 1593 38 1612 ξ
111 1529 367 1603 voluminibus
398 1529 553 1622 prodiit,
583 1532 696 1601 citare
717 1527 832 1624 soleo)
865 1532 1026 1626 neglecta
1050 1533 1218 1618 mirabar,
1259 1603 1264 1614 ,

36 1631 38 1664 *
110 1629 444 1720 locupletissimum
462 1653 579 1700 novae
603 1631 772 1702 editionis
796 1633 952 1702 fundum
977 1655 1057 1701 esse
1079 1631 1218 1699 intelli-

113 1751 258 1822 gerem.
307 1725 426 1820 Atque
449 1729 543 1798 hanc
556 1727 795 1820 Anthologiee
813 1741 954 1818 partem
966 1729 1011 1796 iis
1035 1729 1218 1820 epigram-

114 1828 231 1898 matis
256 1828 359 1915 suxi,
395 1851 491 1920 quse
515 1851 562 1896 ex
586 1829 710 1896 codice
742 1826 914 1895 Gothano
938 1826 1157 1898 Duebnerus
1179 1827 1220 1896 in

111 1927 246 1996 Jahnii
277 1925 476 1998 Annalibus
514 1926 618 1990 1818.
651 1919 750 1992 Vnt
785 1924 818 1992 5.
843 1948 922 2016 pag.
957 1927 1041 1994 510.
1068 1938 1105 1996 et
1126 1923 1218 2018 Ang.

117 2025 246 2100 Maius
268 2026 308 2094 in
333 2024 455 2091 Tomo
480 2019 544 2098 lll.
576 2021 814 2095 classicorum
837 2021 1038 2094 Auctorem
1065 2049 1086 2094 e
1110 2025 1218 2096 Vati-

119 2127 223 2195 eanis
250 2119 359 2192 codd(
376 2121 557 2189 editorum
586 2119 689 2192 1851.
722 2143 758 2213 p.
786 2123 857 2210 559
882 2125 923 2193 in
944 2123 1064 2194 lucem
1089 2125 1217 2194 emisit
1264 2116 1267 2122 ’

36 2293 38 2304 ,
223 2220 345 2294 Altera
373 2216 613 2312 Anthologiae
643 2243 729 2311 pers
760 2246 806 2292 en
837 2223 1044 2293 auctoribus
1074 2224 1217 2292 littera-

117 2347 206 2395 rum
227 2322 472 2390 Romanarum
487 2331 656 2411 excerpta
676 2329 742 2388 est
789 2319 905 2391 Mults
924 2323 1020 2394 enisu
1035 2325 1217 2415 epigram-

120 2433 221 2495 mata
235 2421 278 2490 ab
292 2419 494 2507 historicis,
517 2419 734 2508 oratoribus,
756 2420 1069 2515 epistclographis,
1093 2445 1217 2513 grem-

120 2522 283 2607 manen,
305 2518 514 2588 rhetoribus
537 2519 672 2610 passim
696 2519 906 2590 afferuntur.
967 2521 1071 2592 Hsec
1096 2521 1218 2590 omnia
1245 2575 1248 2585 .

121 2625 222 2693 boue
245 2629 281 2688 et
305 2619 470 2686 somnino
492 2617 618 2710 plena,
651 2628 687 2688 et
719 2620 836 2712 elogia
859 2631 924 2690 aut·
944 2619 1101 2690 ludibria
1125 2641 1217 2688 con-

123 2721 264 2805 sulum,
295 2719 572 2810 imperatorum,
605 2718 763 2812 denique
788 2721 968 2806 omniurn,
1005 2720 1067 2812 qni
1090 2721 1129 2786 in
1152 2741 1216 2787 re-

123 2819 268 2913 publica
296 2817 392 2886 bons
429 2827 491 2886 aut
524 2817 617 2886 mala
654 2829 740 2888 sunt
774 2821 832 2888 usi
862 2820 975 2905 form,
1020 2819 1218 2887 continent.

125 2919 263 2990 Versus
284 2915 431 3004 ludicri,
456 2939 610 3009 quorum
629 2941 795 3011 magnum
819 2928 960 3012 partem
984 2918 1098 2988 refert
1121 2915 1218 2984 Sue-

123 3018 265 3104 tonius,
289 3016 586 3107 praestantissimi
602 3029 687 3088 sunt
706 3029 814 3110 etque
837 3019 909 3086 hoc
927 3017 966 3082 in
982 3039 1134 3104 poeseos
1150 3037 1218 3104 ge·

124 3138 214 3184 nere
236 3113 421 3184 Romanos
446 3113 658 3182 excelluisse
680 3116 851 3182 indieant.
900 3113 996 3178 Cum
1022 3111 1132 3200 igitur
1157 3112 1217 3181 vi-

124 3213 269 3303 derem,
294 3212 362 3282 alie
388 3212 496 3280 etism
519 3209 563 3280 ab
586 3211 796 3282 auctoribus
821 3211 1078 3303 epigrammate
1103 3210 1217 3296 citari,

125 3337 217 3406 queo
240 3338 263 3382 u
283 3313 495 3382 Burmanno
527 3311 925 3402 praetermitterentur,
960 3309 1049 3386 haec
1074 3331 1219 3403 quoque

127 3413 332 3506 recipienda
360 3433 439 3480 esse
459 3410 559 3480 duxi
621 3463 624 3472 ,

206 3511 353 3581 Tertia
374 3505 615 3601 Anthologiee
634 3533 719 3604 pars
744 3534 790 3584 ex
815 3459 1111 3624 inscriptionibus
1134 3521 1218 3578 nata

129 3621 193 3680 est.
229 3610 380 3680 Constet
390 3632 514 3700 0111111,
525 3609 613 3701 plus
625 3611 884 3704 quadrirngenta
908 3611 1067 3680 carmina
1091 3609 1220 3700 sepul
1274 3655 1277 3664 ·

57 3734 60 3740 ·
129 3707 282 3778 erulis
252 3733 298 3779 ex
311 3709 488 3802 lapidibus
505 3709 736 3800 descripsisse
753 3712 920 3782 editores
966 3709 1135 3796 Quorum
1150 3709 1219 3775 alia

127 3808 358 3878 humanitatis
389 3809 515 3900 plena,
554 3809 676 3900 &etia
707 3822 745 3880 et
776 3810 907 3878 decore
939 3819 1023 3880 sunt
1052 3808 1219 3897 insignia,

128 3908 327 4001 quibusque
348 3907 442 3977 nihil
453 3908 498 3976 sd
515 3907 777 3978 absolutionem
796 3909 1128 4000 perfectionemque
1148 3904 1216 3974 de-

131 4029 207 4076 esse
230 4009 373 4096 iudico,
396 4007 613 4099 qualiscunt
636 4031 690 4100 ep.
719 4007 823 4096 1174.
846 4006 951 4095 1176.
981 4005 1085 4072 1181.
1114 4005 1220 4074 1181.

131 4103 235 4195 1169.
265 4107 370 4183 1145.
407 4126 512 4193 1197.
548 4107 651 4173 1501.
689 4117 793 4182 1311.
833 4105 938 4174 1146.
974 4105 1079 4173 1515.
1112 4103 1217 4173 1551.
1323 4125 1325 4134 “

132 4205 235 4295 1149.
272 4205 378 4273 1544.
415 4205 520 4292 1549.
557 4205 661 4294 1559.
698 4203 802 4295 1575.
839 4205 943 4272 1401.
981 4203 1084 4293 1407.
1114 4201 1221 4277 1414.

131 4303 236 4374 1418.
271 4306 384 4394 15171
417 4306 593 4374 rusiorum
623 4329 712 4378 veno
741 4327 872 4390 eorum
903 4313 1042 4394 partem
1066 4325 1115 4374 ne
1136 4321 1219 4370 me-

976 4398 1018 4437 t*

1113 4575 1376 4698 ss.
