3002 4816
753 197 827 276 236

327 403 456 496 Sprevit
475 411 506 466 et
525 397 663 477 oblatos,
683 392 866 458 Samnitum
886 413 1037 475 munera,
1058 413 1181 476 servos,
1204 391 1209 404 '

325 507 458 600 Respuit
476 499 617 572 inmensi
631 495 800 586 locupletia
819 495 971 585 ponderis
992 519 1075 577 aera,

316 613 462 700 ,Horruit
479 608 637 682 infamem
656 603 804 669 scelerata
831 598 945 665 haudo
962 600 1161 688 ministrnm,

323 721 441 789 Pocula
459 713 639 812 pollicitum
658 706 885 794 regimiscere
903 729 1043 774 veneno.

585 867 999 1040 offlfflfflmm

323 1080 401 1170 [Vir
421 1077 482 1147 fuit
500 1077 560 1144 iste
578 1073 694 1152 ferox,
724 1069 780 1156 qui
800 1081 912 1136 torvus
932 1066 1040 1136 fronto
1060 1070 1216 1155 verenda]

322 1189 385 1254 Vir
405 1185 467 1251 suit
485 1181 646 1269 egregius,
670 1174 747 1240 belii
768 1172 947 1274 praeuiarus
973 1184 1005 1238 et
1025 1174 1138 1246 armis.

322 1292 475 1382 Captivos
494 1283 634 1363 modici,
654 1301 848 1369 quamquam
872 1267 1115 1366 pauperrimus,
1135 1282 1205 1366 agri

252 1409 256 1420 '
321 1397 457 1467 Exemit
478 1391 582 1484 pretio
602 1390 788 1454 Poenorum
808 1384 844 1452 iu
863 1383 993 1449 vincula
1012 1384 1139 1450 missos.

321 1508 353 1573 Is
371 1522 496 1591 quoque
515 1493 692 1560 cunctando
712 1489 775 1556 nisi
795 1491 915 1554 Punica
931 1487 1062 1577 fregerit
1081 1514 1183 1572 arma,

320 1612 421 1680 Nulla
440 1605 525 1672 foret
544 1598 645 1667 Latiis
664 1597 813 1663 Romana
832 1593 972 1682 potentia
990 1595 1096 1662 terris.

748 1757 832 1832 72u

640 1865 738 1934 Nero
760 1861 937 1929 claudius.

318 1995 500 2064 Armorum
524 1985 642 2051 virtute
662 1993 773 2069 potens
799 1979 891 2044 Nero
912 1977 1063 2060 Claudius
1083 1977 1138 2044 hio
1160 1993 1216 2046 est.

319 2098 514 2166 Coniunctus
534 2087 637 2154 Livio
658 2083 795 2150 Picentis
817 2081 858 2147 ad
879 2105 958 2146 arva
975 2084 1115 2150 Memmi

320 2197 500 2270 Prostravit
520 2193 662 2279 Libycas
689 2187 902 2254 memorando
923 2188 1030 2252 Marte
1056 2189 1214 2257 cohortes,

319 2313 490 2378 Fortunate
509 2298 555 2364 tui
576 2294 703 2362 iuvenis
725 2294 894 2358 metuende
914 2291 1045 2376 suroris,

318 2415 426 2483 Ausus
444 2431 477 2474 es
497 2400 602 2493 ignari
621 2399 724 2463 iacere
750 2397 790 2462 ad
812 2397 945 2462 tentoria
965 2395 1072 2462 fratris

318 2517 490 2588 Cervicem
512 2503 633 2595 Libyci
653 2501 760 2568 media
780 2501 864 2566 inter
885 2501 945 2567 tela
964 2501 1112 2588 tyranni!

746 2650 831 2724 721.

645 2761 698 2829 M.
719 2757 920 2828 Marcellus.

316 2893 372 2958 Tu
394 2883 517 2976 ¹primus
537 2878 704 2971 Libycum
720 2874 826 2940 Nolae
845 2872 904 2938 sub
924 2873 1093 2940 moenibus
1112 2875 1247 2960 hostem,

315 2992 444 3062 Insidiis
464 2985 604 3078 periture
630 2981 694 3047 suis
716 2979 887 3062 Marcelle,
922 2978 1049 3066 fugasti,

316 3105 463 3183 Cumque
482 3085 647 3178 Syracosii
667 3086 830 3172 quondam
851 3098 1015 3175 raperetur
1034 3086 1168 3151 honoris

315 3210 441 3291 Pompa
461 3195 538 3278 tibi,
565 3190 697 3259 Albano
715 3191 837 3278 gessisti
857 3189 894 3256 in
914 3203 1021 3256 monto
1041 3193 1253 3280 triumphurn.

316 3309 519 3379 Praedonum
540 3299 694 3387 deprensa
721 3321 821 3362 manu
842 3296 1084 3384 venerandaque
1104 3298 1211 3364 multis

316 3411 468 3486 Luctibus
489 3407 566 3472 heu!
594 3403 696 3494 patrio
718 3414 886 3467 caruerunt
906 3425 976 3467 ossa
995 3405 1152 3493 sepulcro.

743 3549 828 3624 722.

705 3659 863 3748 Scipio.

193 3785 194 3791 ἵ
314 3788 375 3855 ttte
396 3805 453 3870 ego
475 3803 564 3861 sum,
590 3776 727 3866 patriam
748 3775 857 3840 Poeno
879 3775 933 3860 qui
956 3773 1061 3838 Marte
1085 3774 1248 3838 radentem

318 3886 473 3968 Sustinui,
493 3883 646 3974 rupuique
666 3879 743 3947 teris
764 3904 805 3946 ex
825 3879 968 3944 hostibus
992 3879 1087 3945 urbes

319 4001 455 4086 Spanas,
485 3987 715 4075 Hannonisque
734 3986 815 4051 acies
835 3985 1050 4072 magnumque
1072 3985 1255 4072 Syphacem

316 4095 491 4172 Perdomui
518 4107 549 4160 et
568 4093 704 4160 fractum
724 4091 837 4159 totiens
859 4089 1018 4175 armisque
1041 4090 1207 4175 repulsum

318 4201 555 4280 Hannibalem,
574 4197 740 4284 victorque
759 4195 854 4263 ferox
875 4195 958 4262 mihi
978 4215 1077 4279 regnu
1096 4193 1207 4280 subegi

317 4310 437 4380 Punica
457 4318 488 4374 et
507 4301 645 4372 exoetsas
671 4301 748 4392 altae
769 4298 967 4388 Carthaginis
988 4320 1085 4363 arces.
