<?xml version="1.0" encoding="UTF-8"?>
<!DOCTYPE html PUBLIC "-//W3C//DTD XHTML 1.0 Transitional//EN"
    "http://www.w3.org/TR/xhtml1/DTD/xhtml1-transitional.dtd">
<html xmlns="http://www.w3.org/1999/xhtml" xml:lang="en" lang="en">
 <head>
  <title>
</title>
<meta http-equiv="Content-Type" content="text/html;charset=utf-8" />
  <meta name='ocr-system' content='tesseract 3.04.00' />
  <meta name='ocr-capabilities' content='ocr_page ocr_carea ocr_par ocr_line ocrx_word'/>
</head>
<body>
  <div class='ocr_page' id='page_1' title='image "./anthologiaveter00burmgoog_0125.png"; bbox 0 0 2992 4826; ppageno 0'>
   <div class='ocr_carea' id='block_1_1' title="bbox 204 263 1336 2463">
    <p class='ocr_par' dir='ltr' id='par_1_1' title="bbox 685 263 1048 552">
     <span class='ocr_line' id='line_1_1' title="bbox 685 263 1048 379; baseline -0.014 0"><span class='ocrx_word' id='word_1_1' title='bbox 685 263 888 379; x_wconf 52' lang='lat' dir='ltr'><strong>...u-</strong></span> <span class='ocrx_word' id='word_1_2' title='bbox 1037 291 1048 324; x_wconf 85' lang='lat'><strong>·</strong></span> 
     </span>
     <span class='ocr_line' id='line_1_2' title="bbox 743 476 827 552; baseline -0.071 -6"><span class='ocrx_word' id='word_1_3' title='bbox 743 476 827 552; x_wconf 84' lang='lat'><strong>173.</strong></span> 
     </span>
    </p>

    <p class='ocr_par' dir='ltr' id='par_1_2' title="bbox 293 581 1256 1096">
     <span class='ocr_line' id='line_1_3' title="bbox 494 581 945 652; baseline -0.016 1"><span class='ocrx_word' id='word_1_4' title='bbox 494 583 496 590; x_wconf 72' lang='grc'><strong>’</strong></span> <span class='ocrx_word' id='word_1_5' title='bbox 617 581 775 651; x_wconf 80' lang='lat' dir='ltr'><strong>Petronii</strong></span> <span class='ocrx_word' id='word_1_6' title='bbox 795 581 945 652; x_wconf 76' lang='lat' dir='ltr'><em>Arbitri.</em></span> 
     </span>
     <span class='ocr_line' id='line_1_4' title="bbox 294 674 1253 783; baseline -0.005 -22"><span class='ocrx_word' id='word_1_7' title='bbox 294 691 527 783; x_wconf 75' lang='lat' dir='ltr'><strong>Nympharum</strong></span> <span class='ocrx_word' id='word_1_8' title='bbox 547 687 727 774; x_wconf 86' lang='lat' dir='ltr'><strong>Bacchique</strong></span> <span class='ocrx_word' id='word_1_9' title='bbox 748 709 871 771; x_wconf 84' lang='lat' dir='ltr'><strong>comes,</strong></span> <span class='ocrx_word' id='word_1_10' title='bbox 899 711 995 776; x_wconf 89' lang='lat' dir='ltr'><strong>quem</strong></span> <span class='ocrx_word' id='word_1_11' title='bbox 1015 689 1125 779; x_wconf 86' lang='lat' dir='ltr'><strong>pulcra</strong></span> <span class='ocrx_word' id='word_1_12' title='bbox 1145 674 1253 756; x_wconf 86' lang='lat' dir='ltr'><strong>Dione</strong></span> 
     </span>
     <span class='ocr_line' id='line_1_5' title="bbox 294 793 1193 883; baseline -0.004 -18"><span class='ocrx_word' id='word_1_13' title='bbox 294 798 455 865; x_wconf 80' lang='lat' dir='ltr'><strong>Divitibus</strong></span> <span class='ocrx_word' id='word_1_14' title='bbox 476 797 568 864; x_wconf 85' lang='lat' dir='ltr'><strong>silvis</strong></span> <span class='ocrx_word' id='word_1_15' title='bbox 588 816 710 860; x_wconf 90' lang='lat' dir='ltr'><strong>numen</strong></span> <span class='ocrx_word' id='word_1_16' title='bbox 733 793 833 874; x_wconf 87' lang='lat' dir='ltr'><strong>dedit,</strong></span> <span class='ocrx_word' id='word_1_17' title='bbox 853 793 963 860; x_wconf 85' lang='lat' dir='ltr'><strong>inclita</strong></span> <span class='ocrx_word' id='word_1_18' title='bbox 982 808 1071 883; x_wconf 88' lang='lat' dir='ltr'><strong>paret</strong></span> <span class='ocrx_word' id='word_1_19' title='bbox 1189 813 1193 820; x_wconf 80' lang='grc'><em>·</em></span> 
     </span>
     <span class='ocr_line' id='line_1_6' title="bbox 293 899 1256 988; baseline -0.001 -19"><span class='ocrx_word' id='word_1_20' title='bbox 293 903 356 970; x_wconf 84' lang='lat' dir='ltr'><strong>cui</strong></span> <span class='ocrx_word' id='word_1_21' title='bbox 376 902 498 968; x_wconf 87' lang='lat' dir='ltr'>Lesbos</span> <span class='ocrx_word' id='word_1_22' title='bbox 520 901 697 987; x_wconf 85' lang='lat' dir='ltr'><strong>viridisque</strong></span> <span class='ocrx_word' id='word_1_23' title='bbox 718 899 861 986; x_wconf 85' lang='lat' dir='ltr'><strong>Thasos,</strong></span> <span class='ocrx_word' id='word_1_24' title='bbox 894 922 989 987; x_wconf 87' lang='lat' dir='ltr'><strong>quem</strong></span> <span class='ocrx_word' id='word_1_25' title='bbox 1010 901 1125 988; x_wconf 87' lang='lat' dir='ltr'><strong>Lydus</strong></span> <span class='ocrx_word' id='word_1_26' title='bbox 1146 903 1256 968; x_wconf 87' lang='lat' dir='ltr'><strong>adorat</strong></span> 
     </span>
     <span class='ocr_line' id='line_1_7' title="bbox 294 1004 1163 1096; baseline 0.001 -25"><span class='ocrx_word' id='word_1_27' title='bbox 294 1007 489 1096; x_wconf 84' lang='lat' dir='ltr'><strong>Vestitluus,¹</strong></span> <span class='ocrx_word' id='word_1_28' title='bbox 516 1007 735 1096; x_wconf 90' lang='lat' dir='ltr'><strong>templumque</strong></span> <span class='ocrx_word' id='word_1_29' title='bbox 756 1005 816 1071; x_wconf 91' lang='lat' dir='ltr'><strong>tuis</strong></span> <span class='ocrx_word' id='word_1_30' title='bbox 836 1004 964 1096; x_wconf 81' lang='lat' dir='ltr'><strong>inponit</strong></span> <span class='ocrx_word' id='word_1_31' title='bbox 984 1008 1163 1096; x_wconf 84' lang='lat' dir='ltr'><strong>Hypaepis.</strong></span> 
     </span>
    </p>

    <p class='ocr_par' dir='ltr' id='par_1_3' title="bbox 231 1111 1191 1412">
     <span class='ocr_line' id='line_1_8' title="bbox 231 1111 1191 1206; baseline -0.001 -27"><span class='ocrx_word' id='word_1_32' title='bbox 231 1125 254 1206; x_wconf 77' lang='lat'><strong>,⁵</strong></span> <span class='ocrx_word' id='word_1_33' title='bbox 293 1115 368 1180; x_wconf 86' lang='lat' dir='ltr'><strong>Huc</strong></span> <span class='ocrx_word' id='word_1_34' title='bbox 389 1113 482 1198; x_wconf 78' lang='lat' dir='ltr'><strong>ades,</strong></span> <span class='ocrx_word' id='word_1_35' title='bbox 504 1136 524 1179; x_wconf 96' lang='grc' dir='ltr'>ο</span> <span class='ocrx_word' id='word_1_36' title='bbox 545 1111 663 1179; x_wconf 88' lang='lat' dir='ltr'><strong>Bacchi</strong></span> <span class='ocrx_word' id='word_1_37' title='bbox 683 1121 771 1177; x_wconf 87' lang='lat' dir='ltr'><strong>tutor</strong></span> <span class='ocrx_word' id='word_1_38' title='bbox 792 1111 1027 1200; x_wconf 85' lang='lat' dir='ltr'><strong>Dryadumque</strong></span> <span class='ocrx_word' id='word_1_39' title='bbox 1046 1112 1191 1200; x_wconf 85' lang='lat' dir='ltr'><strong>voluptas</strong></span> 
     </span>
     <span class='ocr_line' id='line_1_9' title="bbox 291 1201 1170 1304; baseline -0.003 -19"><span class='ocrx_word' id='word_1_40' title='bbox 291 1219 334 1285; x_wconf 87' lang='lat' dir='ltr'><strong>Et</strong></span> <span class='ocrx_word' id='word_1_41' title='bbox 353 1201 479 1284; x_wconf 77' lang='lat' dir='ltr'><strong>timidas</strong></span> <span class='ocrx_word' id='word_1_42' title='bbox 499 1217 632 1283; x_wconf 76' lang='lat' dir='ltr'><strong>admitte</strong></span> <span class='ocrx_word' id='word_1_43' title='bbox 651 1237 773 1304; x_wconf 62' lang='lat' dir='ltr'><strong>preces.</strong></span> <span class='ocrx_word' id='word_1_44' title='bbox 815 1217 894 1282; x_wconf 91' lang='lat' dir='ltr'><strong>Non</strong></span> <span class='ocrx_word' id='word_1_45' title='bbox 916 1215 1069 1304; x_wconf 86' lang='lat' dir='ltr'><strong>sanguine</strong></span> <span class='ocrx_word' id='word_1_46' title='bbox 1089 1217 1170 1282; x_wconf 88' lang='lat' dir='ltr'><strong>tristi</strong></span> 
     </span>
     <span class='ocr_line' id='line_1_10' title="bbox 292 1311 1068 1412; baseline -0.004 -23"><span class='ocrx_word' id='word_1_47' title='bbox 292 1322 445 1390; x_wconf 85' lang='lat' dir='ltr'><strong>Perfusus</strong></span> <span class='ocrx_word' id='word_1_48' title='bbox 465 1323 579 1408; x_wconf 84' lang='lat' dir='ltr'><strong>venio,</strong></span> <span class='ocrx_word' id='word_1_49' title='bbox 605 1311 673 1388; x_wconf 81' lang='lat' dir='ltr'><strong>nou</strong></span> <span class='ocrx_word' id='word_1_50' title='bbox 692 1319 821 1410; x_wconf 89' lang='lat' dir='ltr'><strong>templis</strong></span> <span class='ocrx_word' id='word_1_51' title='bbox 841 1319 947 1412; x_wconf 84' lang='lat' dir='ltr'><strong>inpius</strong></span> <span class='ocrx_word' id='word_1_52' title='bbox 969 1322 1068 1402; x_wconf 88' lang='lat' dir='ltr'><strong>hostis</strong></span> 
     </span>
    </p>

    <p class='ocr_par' dir='ltr' id='par_1_4' title="bbox 204 1425 1130 1622">
     <span class='ocr_line' id='line_1_11' title="bbox 204 1425 1130 1515; baseline -0.002 -21"><span class='ocrx_word' id='word_1_53' title='bbox 204 1477 206 1483; x_wconf 35' lang='lat' dir='ltr'><strong><em>s</em></strong></span> <span class='ocrx_word' id='word_1_54' title='bbox 296 1426 445 1496; x_wconf 92' lang='lat' dir='ltr'><strong>Admovi</strong></span> <span class='ocrx_word' id='word_1_55' title='bbox 469 1425 712 1510; x_wconf 76' lang='lat' dir='ltr'><strong>dextram,.&#39;sed</strong></span> <span class='ocrx_word' id='word_1_56' title='bbox 731 1426 828 1515; x_wconf 87' lang='lat' dir='ltr'><strong>inops</strong></span> <span class='ocrx_word' id='word_1_57' title='bbox 847 1437 881 1492; x_wconf 87' lang='lat' dir='ltr'><strong>et</strong></span> <span class='ocrx_word' id='word_1_58' title='bbox 898 1425 993 1492; x_wconf 75' lang='lat' dir='ltr'><strong>rebus</strong></span> <span class='ocrx_word' id='word_1_59' title='bbox 1015 1449 1130 1514; x_wconf 86' lang='lat' dir='ltr'><strong>egenus</strong></span> 
     </span>
     <span class='ocr_line' id='line_1_12' title="bbox 291 1529 1001 1622; baseline -0.01 -19"><span class='ocrx_word' id='word_1_60' title='bbox 291 1533 431 1603; x_wconf 88' lang='lat' dir='ltr'><strong>Adtritis</strong></span> <span class='ocrx_word' id='word_1_61' title='bbox 453 1533 574 1600; x_wconf 86' lang='lat' dir='ltr'><strong>facinus</strong></span> <span class='ocrx_word' id='word_1_62' title='bbox 598 1556 666 1600; x_wconf 88' lang='lat' dir='ltr'><strong>non</strong></span> <span class='ocrx_word' id='word_1_63' title='bbox 681 1543 747 1597; x_wconf 91' lang='lat' dir='ltr'><strong>toto</strong></span> <span class='ocrx_word' id='word_1_64' title='bbox 770 1553 908 1622; x_wconf 82' lang='lat' dir='ltr'><strong>corpore</strong></span> <span class='ocrx_word' id='word_1_65' title='bbox 928 1529 1001 1597; x_wconf 90' lang='lat' dir='ltr'><strong>feci.</strong></span> 
     </span>
    </p>

    <p class='ocr_par' dir='ltr' id='par_1_5' title="bbox 231 1637 1336 1940">
     <span class='ocr_line' id='line_1_13' title="bbox 231 1637 1336 1731; baseline 0.005 -26"><span class='ocrx_word' id='word_1_66' title='bbox 231 1655 271 1716; x_wconf 71' lang='grc' dir='ltr'><strong>ιο</strong></span> <span class='ocrx_word' id='word_1_67' title='bbox 292 1640 444 1728; x_wconf 81' lang='lat' dir='ltr'><strong>Quisquis</strong></span> <span class='ocrx_word' id='word_1_68' title='bbox 457 1651 563 1731; x_wconf 88' lang='lat' dir='ltr'><strong>peccat</strong></span> <span class='ocrx_word' id='word_1_69' title='bbox 577 1639 680 1728; x_wconf 87' lang='lat' dir='ltr'><strong>inops,</strong></span> <span class='ocrx_word' id='word_1_70' title='bbox 697 1637 806 1704; x_wconf 88' lang='lat' dir='ltr'><strong>minor</strong></span> <span class='ocrx_word' id='word_1_71' title='bbox 820 1650 866 1704; x_wconf 84' lang='lat' dir='ltr'><strong>est</strong></span> <span class='ocrx_word' id='word_1_72' title='bbox 881 1661 961 1704; x_wconf 86' lang='lat' dir='ltr'><strong>reus.</strong></span> <span class='ocrx_word' id='word_1_73' title='bbox 998 1639 1069 1706; x_wconf 83' lang='lat' dir='ltr'><strong>Hae</strong></span> <span class='ocrx_word' id='word_1_74' title='bbox 1081 1663 1187 1731; x_wconf 85' lang='lat' dir='ltr'><strong>prece,</strong></span> <span class='ocrx_word' id='word_1_75' title='bbox 1212 1665 1336 1731; x_wconf 83' lang='lat' dir='ltr'><strong>quaeso,</strong></span> 
     </span>
     <span class='ocr_line' id='line_1_14' title="bbox 291 1744 1239 1834; baseline 0 -22"><span class='ocrx_word' id='word_1_76' title='bbox 291 1747 443 1814; x_wconf 81' lang='lat' dir='ltr'><strong>Exonera</strong></span> <span class='ocrx_word' id='word_1_77' title='bbox 463 1758 628 1834; x_wconf 85' lang='lat' dir='ltr'><strong>mentem,</strong></span> <span class='ocrx_word' id='word_1_78' title='bbox 655 1745 826 1833; x_wconf 83' lang='lat' dir='ltr'><strong>culpaeque</strong></span> <span class='ocrx_word' id='word_1_79' title='bbox 844 1744 975 1832; x_wconf 88' lang='lat' dir='ltr'><strong>ignosce</strong></span> <span class='ocrx_word' id='word_1_80' title='bbox 994 1746 1128 1831; x_wconf 84' lang='lat' dir='ltr'><strong>minori,</strong></span> <span class='ocrx_word' id='word_1_81' title='bbox 1181 1807 1183 1812; x_wconf 90' lang='lat'><strong>.</strong></span> <span class='ocrx_word' id='word_1_82' title='bbox 1207 1827 1210 1834; x_wconf 18' lang='grc' dir='ltr'><em>ι</em></span> <span class='ocrx_word' id='word_1_83' title='bbox 1237 1747 1239 1750; x_wconf 71' lang='grc'><strong>’</strong></span> 
     </span>
     <span class='ocr_line' id='line_1_15' title="bbox 291 1846 1094 1940; baseline -0.002 -22"><span class='ocrx_word' id='word_1_84' title='bbox 291 1854 335 1919; x_wconf 87' lang='lat' dir='ltr'><strong>Et</strong></span> <span class='ocrx_word' id='word_1_85' title='bbox 355 1850 543 1940; x_wconf 90' lang='lat' dir='ltr'><strong>quandoque</strong></span> <span class='ocrx_word' id='word_1_86' title='bbox 567 1847 650 1915; x_wconf 92' lang='lat' dir='ltr'><strong>mihi</strong></span> <span class='ocrx_word' id='word_1_87' title='bbox 670 1846 818 1915; x_wconf 82' lang='lat' dir='ltr'><strong>fortunae</strong></span> <span class='ocrx_word' id='word_1_88' title='bbox 839 1849 985 1916; x_wconf 90' lang='lat' dir='ltr'><strong>adriserit</strong></span> <span class='ocrx_word' id='word_1_89' title='bbox 1004 1850 1094 1935; x_wconf 76' lang='lat' dir='ltr'><strong>hora,</strong></span> 
     </span>
    </p>

    <p class='ocr_par' dir='ltr' id='par_1_6' title="bbox 291 1953 1230 2148">
     <span class='ocr_line' id='line_1_16' title="bbox 293 1953 1230 2047; baseline 0.002 -23"><span class='ocrx_word' id='word_1_90' title='bbox 293 1958 373 2024; x_wconf 91' lang='lat' dir='ltr'><strong>Non</strong></span> <span class='ocrx_word' id='word_1_91' title='bbox 393 1957 463 2022; x_wconf 84' lang='lat' dir='ltr'><strong>sine</strong></span> <span class='ocrx_word' id='word_1_92' title='bbox 482 1955 608 2019; x_wconf 88' lang='lat' dir='ltr'><strong>honore</strong></span> <span class='ocrx_word' id='word_1_93' title='bbox 628 1965 719 2018; x_wconf 89' lang='lat' dir='ltr'><strong>tuum</strong></span> <span class='ocrx_word' id='word_1_94' title='bbox 738 1955 840 2044; x_wconf 88' lang='lat' dir='ltr'><strong>patiar</strong></span> <span class='ocrx_word' id='word_1_95' title='bbox 861 1953 963 2020; x_wconf 89' lang='lat' dir='ltr'><strong>decus.</strong></span> <span class='ocrx_word' id='word_1_96' title='bbox 1005 1955 1070 2021; x_wconf 88' lang='lat' dir='ltr'><strong>Ibit</strong></span> <span class='ocrx_word' id='word_1_97' title='bbox 1088 1958 1128 2024; x_wconf 89' lang='lat' dir='ltr'><strong>ad</strong></span> <span class='ocrx_word' id='word_1_98' title='bbox 1150 1983 1230 2047; x_wconf 86' lang='lat' dir='ltr'><strong>aras,</strong></span> 
     </span>
     <span class='ocr_line' id='line_1_17' title="bbox 291 2058 1152 2148; baseline 0.002 -18"><span class='ocrx_word' id='word_1_99' title='bbox 291 2065 420 2148; x_wconf 84' lang='lat' dir='ltr'><strong>Sancte,</strong></span> <span class='ocrx_word' id='word_1_100' title='bbox 452 2073 517 2126; x_wconf 87' lang='lat' dir='ltr'><strong>tuas</strong></span> <span class='ocrx_word' id='word_1_101' title='bbox 537 2058 661 2139; x_wconf 81' lang='lat' dir='ltr'><strong>hircus,</strong></span> <span class='ocrx_word' id='word_1_102' title='bbox 681 2059 807 2145; x_wconf 85' lang='lat' dir='ltr'><strong>peeoris</strong></span> <span class='ocrx_word' id='word_1_103' title='bbox 827 2070 920 2148; x_wconf 84' lang='lat' dir='ltr'><strong>pater</strong></span> <span class='ocrx_word' id='word_1_104' title='bbox 942 2059 1003 2125; x_wconf 86' lang='lat' dir='ltr'><strong>ibit</strong></span> <span class='ocrx_word' id='word_1_105' title='bbox 1023 2061 1063 2128; x_wconf 89' lang='lat' dir='ltr'><strong>ad</strong></span> <span class='ocrx_word' id='word_1_106' title='bbox 1084 2086 1152 2132; x_wconf 88' lang='lat' dir='ltr'><strong>aras</strong></span> 
     </span>
    </p>

    <p class='ocr_par' dir='ltr' id='par_1_7' title="bbox 229 2160 1173 2358">
     <span class='ocr_line' id='line_1_18' title="bbox 229 2160 1173 2253; baseline 0.002 -19"><span class='ocrx_word' id='word_1_107' title='bbox 229 2179 272 2244; x_wconf 86' lang='lat'><strong>15</strong></span> <span class='ocrx_word' id='word_1_108' title='bbox 293 2165 451 2251; x_wconf 84' lang='lat' dir='ltr'><strong>Corniger</strong></span> <span class='ocrx_word' id='word_1_109' title='bbox 470 2176 501 2228; x_wconf 90' lang='lat' dir='ltr'><strong>et</strong></span> <span class='ocrx_word' id='word_1_110' title='bbox 521 2161 669 2249; x_wconf 88' lang='lat' dir='ltr'><strong>querulae</strong></span> <span class='ocrx_word' id='word_1_111' title='bbox 691 2160 792 2253; x_wconf 80' lang='lat' dir='ltr'><strong>foetus</strong></span> <span class='ocrx_word' id='word_1_112' title='bbox 813 2163 896 2247; x_wconf 88' lang='lat' dir='ltr'><strong>suis,</strong></span> <span class='ocrx_word' id='word_1_113' title='bbox 923 2164 1025 2231; x_wconf 88' lang='lat' dir='ltr'><strong>hostia</strong></span> <span class='ocrx_word' id='word_1_114' title='bbox 1046 2169 1173 2243; x_wconf 83' lang='lat' dir='ltr'><strong>lactens.</strong></span> 
     </span>
     <span class='ocr_line' id='line_1_19' title="bbox 291 2263 1171 2358; baseline 0.005 -22"><span class='ocrx_word' id='word_1_115' title='bbox 291 2266 458 2358; x_wconf 88' lang='lat' dir='ltr'><strong>Spumabit</strong></span> <span class='ocrx_word' id='word_1_116' title='bbox 477 2266 591 2358; x_wconf 86' lang='lat' dir='ltr'><strong>pateris</strong></span> <span class='ocrx_word' id='word_1_117' title='bbox 612 2263 734 2330; x_wconf 86' lang='lat' dir='ltr'><strong>hornus</strong></span> <span class='ocrx_word' id='word_1_118' title='bbox 754 2266 878 2352; x_wconf 82' lang='lat' dir='ltr'><strong>liquor,</strong></span> <span class='ocrx_word' id='word_1_119' title='bbox 900 2279 930 2331; x_wconf 90' lang='lat' dir='ltr'><strong>et</strong></span> <span class='ocrx_word' id='word_1_120' title='bbox 950 2279 998 2333; x_wconf 90' lang='lat' dir='ltr'><strong>ter</strong></span> <span class='ocrx_word' id='word_1_121' title='bbox 1020 2286 1171 2340; x_wconf 80' lang='lat' dir='ltr'><strong>ovantem</strong></span> 
     </span>
    </p>

    <p class='ocr_par' dir='ltr' id='par_1_8' title="bbox 215 2367 1199 2463">
     <span class='ocr_line' id='line_1_20' title="bbox 215 2367 1199 2463; baseline -0.001 -29"><span class='ocrx_word' id='word_1_122' title='bbox 215 2426 218 2434; x_wconf 81' lang='lat'><strong>.</strong></span> <span class='ocrx_word' id='word_1_123' title='bbox 293 2374 387 2442; x_wconf 81' lang='lat' dir='ltr'><strong>Circe</strong></span> <span class='ocrx_word' id='word_1_124' title='bbox 408 2373 577 2441; x_wconf 89' lang='lat' dir='ltr'><strong>delubrum</strong></span> <span class='ocrx_word' id='word_1_125' title='bbox 597 2367 846 2459; x_wconf 82' lang='lat' dir='ltr'><strong>gressumferet</strong></span> <span class='ocrx_word' id='word_1_126' title='bbox 866 2369 954 2436; x_wconf 85' lang='lat' dir='ltr'><strong>ebria</strong></span> <span class='ocrx_word' id='word_1_127' title='bbox 973 2374 1083 2463; x_wconf 82' lang='lat' dir='ltr'><strong>pubes.</strong></span> <span class='ocrx_word' id='word_1_128' title='bbox 1196 2427 1199 2433; x_wconf 90' lang='lat'>.</span> 
     </span>
    </p>
   </div>
   <div class='ocr_carea' id='block_1_2' title="bbox 534 2507 962 3233">
    <p class='ocr_par' dir='ltr' id='par_1_9' title="bbox 534 2507 962 3233">
     <span class='ocr_line' id='line_1_21' title="bbox 740 2507 837 2582; baseline -0.021 0"><span class='ocrx_word' id='word_1_129' title='bbox 740 2507 837 2582; x_wconf 77' lang='grc' dir='ltr'><strong>174·Ι</strong></span> 
     </span>
     <span class='ocr_line' id='line_1_22' title="bbox 621 2615 945 2688; baseline -0.015 0"><span class='ocrx_word' id='word_1_130' title='bbox 621 2619 782 2688; x_wconf 83' lang='lat' dir='ltr'><strong>Petronii</strong></span> <span class='ocrx_word' id='word_1_131' title='bbox 797 2615 945 2684; x_wconf 76' lang='lat' dir='ltr'><strong>Arbitri</strong></span> 
     </span>
     <span class='ocr_line' id='line_1_23' title="bbox 536 2723 924 2813; baseline -0.01 -21"><span class='ocrx_word' id='word_1_132' title='bbox 536 2723 768 2813; x_wconf 83' lang='lat' dir='ltr'><strong>Memphitidos</strong></span> <span class='ocrx_word' id='word_1_133' title='bbox 788 2725 924 2809; x_wconf 69' lang='lat' dir='ltr'><strong>pueflae,</strong></span> 
     </span>
     <span class='ocr_line' id='line_1_24' title="bbox 538 2829 922 2920; baseline 0 -26"><span class='ocrx_word' id='word_1_134' title='bbox 538 2829 643 2895; x_wconf 88' lang='lat' dir='ltr'><strong>Sacris</strong></span> <span class='ocrx_word' id='word_1_135' title='bbox 666 2829 763 2894; x_wconf 88' lang='lat' dir='ltr'><strong>deum</strong></span> <span class='ocrx_word' id='word_1_136' title='bbox 787 2842 922 2920; x_wconf 88' lang='lat' dir='ltr'><strong>paratae.</strong></span> 
     </span>
     <span class='ocr_line' id='line_1_25' title="bbox 534 2933 932 3020; baseline 0.01 -21"><span class='ocrx_word' id='word_1_137' title='bbox 534 2933 670 2999; x_wconf 87' lang='lat' dir='ltr'><strong>Tinctus</strong></span> <span class='ocrx_word' id='word_1_138' title='bbox 692 2937 801 3002; x_wconf 87' lang='lat' dir='ltr'><strong>colore</strong></span> <span class='ocrx_word' id='word_1_139' title='bbox 820 2935 932 3020; x_wconf 82' lang='lat' dir='ltr'><strong>noetis,</strong></span> 
     </span>
     <span class='ocr_line' id='line_1_26' title="bbox 537 3039 894 3128; baseline -0.003 -23"><span class='ocrx_word' id='word_1_140' title='bbox 537 3039 640 3105; x_wconf 85' lang='lat' dir='ltr'><strong>Manu</strong></span> <span class='ocrx_word' id='word_1_141' title='bbox 659 3062 739 3128; x_wconf 85' lang='lat' dir='ltr'><strong>puer</strong></span> <span class='ocrx_word' id='word_1_142' title='bbox 759 3041 894 3128; x_wconf 85' lang='lat' dir='ltr'><strong>loquaci,</strong></span> 
     </span>
     <span class='ocr_line' id='line_1_27' title="bbox 534 3136 962 3233; baseline 0.005 -23"><span class='ocrx_word' id='word_1_143' title='bbox 534 3141 715 3233; x_wconf 84' lang='lat' dir='ltr'><strong>Aegyptius</strong></span> <span class='ocrx_word' id='word_1_144' title='bbox 738 3145 911 3214; x_wconf 87' lang='lat' dir='ltr'><strong>choraules.</strong></span> <span class='ocrx_word' id='word_1_145' title='bbox 959 3136 962 3146; x_wconf 36' lang='lat'>¹</span> 
     </span>
    </p>
   </div>
   <div class='ocr_carea' id='block_1_3' title="bbox 533 3310 911 3508">
    <p class='ocr_par' dir='ltr' id='par_1_10' title="bbox 533 3310 911 3508">
     <span class='ocr_line' id='line_1_28' title="bbox 533 3310 880 3381; baseline 0.006 -2"><span class='ocrx_word' id='word_1_146' title='bbox 533 3310 630 3379; x_wconf 67' lang='lat' dir='ltr'><strong>Anus</strong></span> <span class='ocrx_word' id='word_1_147' title='bbox 656 3325 779 3379; x_wconf 87' lang='lat' dir='ltr'><strong>recocta</strong></span> <span class='ocrx_word' id='word_1_148' title='bbox 800 3316 880 3381; x_wconf 87' lang='lat' dir='ltr'><strong>vino</strong></span> 
     </span>
     <span class='ocr_line' id='line_1_29' title="bbox 535 3417 911 3508; baseline 0.005 -25"><span class='ocrx_word' id='word_1_149' title='bbox 535 3417 764 3508; x_wconf 73' lang='lat' dir='ltr'><strong>Trementibus</strong></span> <span class='ocrx_word' id='word_1_150' title='bbox 787 3419 911 3485; x_wconf 80' lang='lat' dir='ltr'><strong>labellis</strong></span> 
     </span>
    </p>
   </div>
   <div class='ocr_carea' id='block_1_4' title="bbox 335 3586 1071 4449">
    <p class='ocr_par' dir='ltr' id='par_1_11' title="bbox 335 3586 1071 4449">
     <span class='ocr_line' id='line_1_30' title="bbox 536 3586 963 3676; baseline 0.009 -23"><span class='ocrx_word' id='word_1_151' title='bbox 536 3586 692 3676; x_wconf 85' lang='lat' dir='ltr'><strong>Triplici,</strong></span> <span class='ocrx_word' id='word_1_152' title='bbox 713 3588 815 3671; x_wconf 88' lang='lat' dir='ltr'><strong>vides,</strong></span> <span class='ocrx_word' id='word_1_153' title='bbox 838 3601 871 3654; x_wconf 87' lang='lat' dir='ltr'><strong>ut</strong></span> <span class='ocrx_word' id='word_1_154' title='bbox 892 3602 963 3657; x_wconf 91' lang='lat' dir='ltr'><strong>ortu</strong></span> 
     </span>
     <span class='ocr_line' id='line_1_31' title="bbox 533 3691 1051 3786; baseline 0 -25"><span class='ocrx_word' id='word_1_155' title='bbox 533 3694 670 3761; x_wconf 84' lang='lat' dir='ltr'><strong>Triviae</strong></span> <span class='ocrx_word' id='word_1_156' title='bbox 689 3705 810 3759; x_wconf 88' lang='lat' dir='ltr'><strong>rotetur</strong></span> <span class='ocrx_word' id='word_1_157' title='bbox 827 3694 920 3782; x_wconf 84' lang='lat' dir='ltr'><strong>ignis,</strong></span> <span class='ocrx_word' id='word_1_158' title='bbox 1010 3779 1014 3786; x_wconf 32' lang='grc'>,</span> <span class='ocrx_word' id='word_1_159' title='bbox 1048 3691 1051 3700; x_wconf 69' lang='grc'><em>’</em></span> 
     </span>
     <span class='ocr_line' id='line_1_32' title="bbox 538 3799 974 3886; baseline 0.007 -19"><span class='ocrx_word' id='word_1_160' title='bbox 538 3799 899 3886; x_wconf 61' lang='lat' dir='ltr'><strong>volucriquegphoebus</strong></span> <span class='ocrx_word' id='word_1_161' title='bbox 921 3805 974 3870; x_wconf 82' lang='lat' dir='ltr'><strong>axi</strong></span> 
     </span>
     <span class='ocr_line' id='line_1_33' title="bbox 535 3904 1005 3997; baseline 0.015 -28"><span class='ocrx_word' id='word_1_162' title='bbox 535 3904 697 3997; x_wconf 88' lang='lat' dir='ltr'><strong>Rapidum</strong></span> <span class='ocrx_word' id='word_1_163' title='bbox 717 3921 861 3996; x_wconf 87' lang='lat' dir='ltr'><strong>pererret</strong></span> <span class='ocrx_word' id='word_1_164' title='bbox 880 3910 1005 3976; x_wconf 79' lang='lat' dir='ltr'><strong>orbem.</strong></span> 
     </span>
     <span class='ocr_line' id='line_1_34' title="bbox 735 4041 819 4118; baseline 0 -1"><span class='ocrx_word' id='word_1_165' title='bbox 735 4041 819 4118; x_wconf 83' lang='lat'><strong>175·</strong></span> 
     </span>
     <span class='ocr_line' id='line_1_35' title="bbox 610 4148 941 4220; baseline 0.006 -5"><span class='ocrx_word' id='word_1_166' title='bbox 610 4149 770 4218; x_wconf 83' lang='lat' dir='ltr'><strong>Petronii</strong></span> <span class='ocrx_word' id='word_1_167' title='bbox 793 4148 941 4220; x_wconf 80' lang='lat' dir='ltr'><strong>Arbitri.</strong></span> 
     </span>
     <span class='ocr_line' id='line_1_36' title="bbox 452 4253 1071 4341; baseline 0.006 -22"><span class='ocrx_word' id='word_1_168' title='bbox 452 4254 566 4335; x_wconf 87' lang='lat' dir='ltr'><strong>Delos,</strong></span> <span class='ocrx_word' id='word_1_169' title='bbox 597 4253 664 4318; x_wconf 90' lang='lat' dir='ltr'><strong>iam</strong></span> <span class='ocrx_word' id='word_1_170' title='bbox 685 4256 789 4322; x_wconf 88' lang='lat' dir='ltr'><strong>stabili</strong></span> <span class='ocrx_word' id='word_1_171' title='bbox 808 4259 954 4324; x_wconf 88' lang='lat' dir='ltr'><strong>revincta</strong></span> <span class='ocrx_word' id='word_1_172' title='bbox 976 4270 1071 4341; x_wconf 81' lang='lat' dir='ltr'><strong>terre,</strong></span> 
     </span>
     <span class='ocr_line' id='line_1_37' title="bbox 335 4359 983 4449; baseline 0.006 -23"><span class='ocrx_word' id='word_1_173' title='bbox 335 4433 339 4444; x_wconf 55' lang='grc'><em>,</em></span> <span class='ocrx_word' id='word_1_174' title='bbox 452 4359 543 4427; x_wconf 90' lang='lat' dir='ltr'><strong>Olim</strong></span> <span class='ocrx_word' id='word_1_175' title='bbox 565 4379 725 4448; x_wconf 81' lang='lat' dir='ltr'><strong>purpureo</strong></span> <span class='ocrx_word' id='word_1_176' title='bbox 746 4364 831 4429; x_wconf 86' lang='lat' dir='ltr'><strong>mari</strong></span> <span class='ocrx_word' id='word_1_177' title='bbox 852 4363 983 4449; x_wconf 76' lang='lat' dir='ltr'><strong>natabat,</strong></span> 
     </span>
    </p>
   </div>
   <div class='ocr_carea' id='block_1_5' title="bbox 0 0 1500 4826">
    <p class='ocr_par' dir='ltr' id='par_1_12' title="bbox 0 0 1500 4826">
     <span class='ocr_line' id='line_1_38' title="bbox 0 0 1500 4826; baseline 0 3"><span class='ocrx_word' id='word_1_178' title='bbox 0 0 1500 4826; x_wconf 95' lang='lat' dir='ltr'><strong> </strong></span> 
     </span>
    </p>
   </div>
  </div>
 </body>
</html>
