2994 4828
655 181 704 258 25

575 269 780 290 Μ

235 377 347 447 Potoni]
370 394 430 430 mss.
447 373 562 430 Petroni
576 373 667 442 vulgo.
703 369 757 426 Sed
774 369 814 423 illi
831 372 922 426 similia
938 375 966 427 in
982 373 1091 432 Gruteri
1106 376 1230 432 thesauro

127 467 258 536 usurpet.
276 467 379 520 nomina
395 465 572 536 reperiuntur,
588 471 619 514 ut
634 461 786 525 Posuimus,
801 463 946 526 Pothinus,
963 465 1089 517 Petinus.

195 557 223 609 6.
242 555 319 608 illam
331 554 442 631 puram]
459 553 619 604 Burmannus
635 549 663 601 in
679 548 751 601 Aac.
775 549 811 603 T.
835 549 871 604 II.
897 569 925 621 p.
945 551 1005 620 748.
1031 569 1064 604 er
1080 553 1165 605 reteri
1183 571 1231 606 co-

130 645 192 698 dice
208 644 335 696 Proverb.
353 642 427 697 latin.
443 641 653 696 Meermanniano
671 637 763 694 affert:
785 639 886 691 caecus
903 657 1009 692 caecam
1026 652 1119 708 amat,
1136 644 1233 710 idest,

128 733 237 788 vetulus
251 732 386 792 vetulam
400 748 493 803 papus
504 745 619 800 popam,
637 728 737 792 idest,
752 743 823 798 puer
839 727 971 796 puellam.
994 728 1036 782 sic
1059 711 1130 783 enim
1146 732 1234 800 prisci

128 821 306 894 loquebantur
311 839 322 882 ,·
344 819 459 878 undeiu
480 819 534 870 hoc
552 815 735 886 epigrammate
757 816 898 885 legendum
914 826 1018 872 mouet:
1038 819 1093 873 Dic
1111 829 1140 872 tu
1157 816 1235 874 illam

125 929 230 984 popam
246 919 297 963 etc.
331 909 404 961 Nom
421 924 450 959 se
465 922 528 960 vere
539 923 633 976 pupas
649 916 680 959 tu
698 913 750 958 etc.

233 1009 331 1051 mutua
347 994 432 1063 muli]
450 1013 485 1046 sc.
504 994 621 1046 scabunt.
657 992 837 1046 Proverbialis
852 992 961 1046 locutio.

196 1087 223 1140 4.
242 1104 307 1137 nom
322 1080 576 1152 oerepusus1nam
593 1099 622 1134 es
637 1098 699 1136 rere
711 1099 744 1152 p.
761 1081 859 1148 vulgo.

229 1171 334 1240 teneat]
350 1172 370 1225 i.
388 1187 415 1225 e.
433 1187 516 1228 senex
533 1179 583 1226 est.
600 1170 786 1227 ExPrisciano
801 1169 903 1242 recepi.
920 1185 1000 1223 senor
1014 1170 1104 1242 vulgo.

659 1297 720 1379 60.

199 1423 282 1476 Antis.
299 1422 324 1480 1.
343 1422 402 1479 106.
430 1422 536 1479 Gellius
552 1421 622 1494 XV,
639 1421 665 1478 6.
700 1420 801 1478 Versae
824 1440 859 1478 ex
874 1422 986 1478 Homeri
1007 1422 1084 1478 Iliad.
1103 1421 1170 1492 vn,
1192 1423 1235 1494 89.

132 1521 191 1566 mut
206 1513 286 1567 versi.

201 1619 228 1655 0.
249 1600 401 1672 perculsus]
423 1620 483 1654 msa.
502 1610 557 1655 tum
575 1602 636 1670 alii,
659 1610 715 1654 turn
737 1601 962 1668 Frauequeranus.
982 1614 1127 1667 percussus
1150 1598 1238 1666 vulgo.

133 1691 246 1744 Ceteros
262 1709 368 1762 quoque
384 1691 495 1744 Homeri
512 1692 601 1752 locos,
619 1707 685 1756 quos
701 1692 730 1742 in
745 1691 855 1743 latinum
870 1687 952 1739 vertit
969 1685 1081 1752 Cicero,
1103 1685 1148 1739 hic
1163 1704 1242 1739 reco-

133 1780 249 1848 pissem‚
278 1780 327 1832 nisi
349 1779 547 1832 Wernsdorfius
570 1776 734 1832 Homeristas
758 1778 854 1830 latinos
879 1791 1022 1843 eoumque
1045 1776 1187 1843 fragmenta
1212 1776 1241 1828 in

134 1865 211 1919 Poet.
230 1866 290 1918 Lat.
309 1866 375 1916 Min.
394 1863 496 1916 T.111.
515 1882 542 1931 p.
562 1864 613 1933 474
630 1883 687 1935 sqq.
707 1865 843 1918 edidisset.

203 1955 229 2006 6.
254 1950 314 2018 Iros]
344 1969 391 2003 ms.
416 1951 559 2006 Guelferb.
583 1952 667 2005 Modo
689 1952 858 2024 producitur,
886 1952 967 2007 modo
991 1951 1146 2022 corripitur3
1173 1953 1241 2008 conl.

137 2040 263 2095 Schneid.
281 2038 344 2092 Lat.
363 2039 413 2094 Gr.
430 2039 465 2094 11.
484 2057 509 2094 1.
526 2059 554 2112 p.
574 2041 625 2095 666
641 2060 682 2114 sq.
701 2041 857 2096 Ramshoru.
875 2059 903 2112 p.
924 2042 998 2096 1041.
1015 2043 1083 2096 laec
1100 2043 1191 2110 uulgo.

666 2169 725 2249 61·

204 2293 287 2347 Anth.
305 2291 343 2346 11.
364 2307 387 2346 1.
407 2291 502 2345 Cicero
518 2292 546 2346 in
562 2291 671 2346 Tuscul.
689 2293 726 2348 V.
743 2291 786 2362 65,
805 2309 864 2347 ror.
899 2290 996 2346 Graeci
1012 2309 1115 2360 versus,
1136 2311 1201 2362 qnos
1216 2293 1245 2348 in

137 2382 248 2436 latinum
265 2382 345 2435 vertit
362 2381 473 2448 Cicero,
499 2383 570 2450 apud
587 2381 741 2435 Strabonem
757 2383 880 2450 leguntur
902 2382 952 2435 lib.
971 2381 1047 2436 XIV.
1072 2399 1101 2451 p.
1119 2381 1178 2451 670.
1198 2383 1242 2436 ed.

138 2470 222 2522 Paris.
242 2469 286 2538 (Τ.
305 2468 355 2522 111.
373 2489 400 2538 p.
416 2471 459 2524 60.
480 2471 523 2523 ed.
541 2469 656 2542 Koray.)
691 2470 769 2526 Conf.
787 2472 874 2530 Naek.
889 2473 918 2525 in
935 2471 1062 2526 Choerilo
1078 2490 1107 2542 p.
1124 2470 1172 2540 196
1185 2489 1243 2542 sqq.

205 2575 232 2611 0.
251 2555 350 2626 multa]
363 2560 483 2630 pulchra
498 2559 589 2627 vulgo.

661 2687 724 2767 62.Ι

209 2806 292 2858 Anth.
309 2805 344 2858 11.
362 2807 406 2860 68.
425 2807 522 2860 Cicero
538 2808 567 2862 in
584 2809 694 2864 Tuscul.
712 2811 735 2867 1.
750 2811 794 2878 40,
813 2826 871 2866 ror.
890 2829 923 2865 00
939 2811 1073 2864 Simonide
1095 2814 1249 2883 epigramma

142 2911 171 2948 se
188 2893 297 2947 vertisse
315 2892 388 2945 dicit.
423 2893 488 2949 Vid.
506 2891 617 2946 Anthol.
634 2897 719 2951 l’alnt.
737 2899 759 2951 1.
777 2899 837 2952 VII.
856 2915 900 2970 ep.
918 2900 978 2968 049.
996 2901 1031 2952 T.
1049 2902 1072 2953 1.
1089 2917 1118 2970 p.
1136 2901 1196 2971 579.

212 3163 295 3217 Anth.
313 3161 347 3214 11.
367 3161 426 3216 008.
444 3161 512 3214 Rem
528 3171 614 3216 narrat
629 3161 688 3232 ipse
707 3089 805 3219 010000
821 3165 873 3236 Ep.
891 3169 924 3220 ad
941 3168 1004 3220 Div.
1022 3165 1251 3234 v11,30.,Tre-

144 3253 240 3306 bellius
262 3251 352 3305 Pollio
375 3252 403 3304 in
425 3249 509 3303 XXX
531 3261 635 3323 tyrann.
660 3272 683 3305 c.
704 3270 728 3322 7.
747 3254 782 3306 Τ.
799 3257 835 3308 11.
859 3274 887 3325 p.
906 3258 967 3311 068.
992 3267 1020 3310 et
1035 3257 1184 3310 Macrobius
1201 3258 1251 3310 Sa-

144 3352 214 3394 turn·
233 3342 266 3408 11,
283 3343 310 3395 6.
329 3339 435 3410 (Cicero
459 3341 557 3394 iocatus
580 3343 642 3410 esti:
668 3343 837 3415 Vigilantem
859 3345 987 3400 hahemus
1010 3345 1144 3399 consulem
1168 3350 1252 3400 Cani-

145 3433 229 3500 nium,
248 3432 296 3500 qui
313 3433 343 3484 in
360 3431 503 3484 conculam
518 3449 568 3484 suo
584 3447 706 3484 somnum
724 3451 777 3486 non
801 3435 883 3486 vidit.
918 3436 1081 3507 Epigramma
1101 3454 1154 3488 non
1172 3453 1187 3487 a
1204 3435 1252 3488 Ci-

147 3534 256 3582 cerone,
278 3517 327 3570 sed
352 3537 369 3571 a
391 3519 507 3572 Pithoeo
529 3519 575 3572 vel
600 3519 734 3590 scaligero
761 3541 795 3578 ex
817 3523 947 3580 Macrobii
968 3527 1058 3580 verbis
1083 3527 1252 3595 compositum

147 3622 205 3658 esse
223 3615 297 3672 puto.

215 3711 241 3747 r.
258 3696 430 3767 vigilantem]
448 3696 592 3768 vigilacem
608 3699 744 3755 Heinsius.

677 3847 735 3926 64.

215 3964 298 4018 Anth.
315 3966 350 4018 11.
374 3982 435 4019 000.
460 3984 494 4020 ex
517 3967 639 4022 Suetonii
655 3967 713 4023 Vit.
740 3971 851 4024 Terent.
870 3991 894 4025 c.
913 3973 939 4026 5.
975 3974 1070 4028 Caesar
1090 3975 1124 4028 ad
1144 3975 1255 4044 primum

148 4055 226 4108 huius
250 4054 441 4134 epigrammatis
464 4075 570 4110 versum
592 4059 681 4111 allusit
707 4059 735 4112 in
757 4063 941 4129 epigrammate
971 4081 1019 4116 suo
1042 4063 1070 4116 iu
1093 4062 1256 4127 Terentium,

150 4141 222 4212 quod
238 4143 305 4194 infra
323 4145 411 4209 dabor
428 4147 516 4198 allusit
533 4156 561 4198 et
577 4145 707 4203 Ausonius
723 4150 750 4204 in
767 4150 902 4221 Protrept.
920 4167 946 4207 r·
961 4153 1005 4207 58.
1023 4171 1051 4223 p.
1069 4155 1129 4208 606.
1148 4149 1220 4202 Tull.

218 4231 244 4282 4·
264 4233 409 4304 quidquid]
428 4237 557 4306 quiddam
573 4237 663 4304 vulgo.

268 4321 370 4389 dicens]
384 4339 510 4394 promens
526 4325 616 4393 vulgo.
