3002 4816
784 213 856 282 240

175 439 178 446 .
298 381 302 395 ’
347 393 522 464 Distribuit
535 383 679 483 Magnos
698 383 821 462 nrundo
843 396 972 474 fortuna
991 403 1145 490 sepultos,

324 519 328 527 ·
389 495 442 565 Ne
459 500 529 567 sine
549 500 706 592 Pompeio
735 515 820 570 tc1ra
840 504 879 570 sit
900 506 966 570 ulla
986 529 1056 575 suo.

772 670 857 746 741.
909 643 910 648 ‘

376 761 380 825 ἶ
446 771 504 844 De
523 772 634 843 sacris
658 777 874 846 evocantibus
894 799 1011 846 mones
1034 776 1190 870 Pompei.

233 907 239 914 '
346 891 422 958 Fata
440 914 500 981 per
520 892 674 960 humanas
694 894 804 960 solitus
825 917 1034 985 praenoscere
1054 893 1164 979 fibras,

386 997 498 1086 Inpius
519 996 650 1064 infanda
670 1000 826 1086 religione
848 1000 951 1088 Sapor

291 1129 294 1134 ·
345 1104 487 1172 Pectoris
507 1103 637 1191 ingenui
658 1103 800 1193 salientia
820 1105 944 1170 viscera
964 1103 1107 1170 flammis

387 1209 542 1298 Inposuit.
584 1207 712 1294 Magico
735 1209 878 1274 carmine
898 1209 985 1297 rupit
1004 1209 1153 1294 humum,

352 1313 461 1381 Ausus
484 1312 523 1378 ab
541 1312 663 1400 Elysiis
685 1313 879 1401 Pompeium
900 1313 1015 1378 ducere
1038 1315 1170 1403 campis.

386 1423 452 1487 Pro
472 1420 593 1509 pudor,
614 1420 677 1484 hoc
695 1441 824 1484 sacrum
844 1419 979 1506 Magnus
999 1431 1034 1485 ut
1054 1419 1243 1508 adspiceret!

345 1505 466 1607 Stulte}
495 1524 571 1614 quid
592 1524 728 1592 infernis
750 1524 946 1614 Pompeium
968 1525 1093 1612 quaeris
1111 1525 1154 1594 ,in
1175 1526 1325 1594 umbris?

385 1633 464 1697 Non
484 1628 586 1717 potuit
606 1631 699 1697 terris
720 1631 848 1721 spiritus
872 1631 927 1696 ille
947 1629 1066 1719 premi.

768 1776 854 1854 742.

450 1897 456 1910 ⁴
494 1925 498 1932 ·
589 1877 603 1901 ³
635 1888 820 1976 Pompeius
841 1895 875 1953 et
895 1881 991 1952 Coto.
1022 1939 1028 1948 .
1064 1929 1066 1936 ·

343 2004 456 2070 Litore
477 1983 606 2067 diverso
628 2002 756 2102 Libyae
779 2000 955 2068 clarissima
975 2002 1072 2088 longe

383 2105 528 2174 Nomina
550 2106 609 2172 vix
629 2108 696 2172 ullo
718 2101 844 2171 condita
864 2119 937 2173 sunt
961 2108 1097 2189 tumulo,

343 2215 480 2300 Magnus
501 2225 531 2276 et
552 2211 693 2276 humano
714 2211 821 2279 maior
842 2213 933 2277 Cato.
976 2210 1085 2294 Quam
1106 2213 1220 2299 procul
1241 2233 1259 2279 a
1282 2227 1313 2278 tc

385 2314 537 2404 Adspicis
557 2316 635 2382 heu!
657 2317 789 2397 cineres,
810 2315 934 2398 Roma,
955 2315 1058 2382 iacere
1076 2321 1161 2383 tuost

596 2589 633 2656 0.
654 2483 1020 2679 Crispuilidlzllustiuc.

338 2814 380 2879 Et
400 2811 500 2878 verba
520 2811 643 2900 antiqui
664 2811 803 2875 multum
824 2799 930 2876 farrato
946 2811 1078 2878 catonis

381 2917 513 3008 Crispe,
534 2917 737 3006 Iugurthinae
758 2915 905 2982 conditor
924 2917 1087 2984 historiae.

768 3060 867 3157 en„

751 3170 864 3240 Coto.

338 3290 502 3357 Invictum
522 3286 614 3353 victis
635 3287 671 3351 in
692 3286 850 3376 partibus,
879 3286 990 3354 omnia
1011 3283 1129 3354 Caesar

380 3394 522 3464 Vincere
543 3392 596 3480 qui
617 3389 735 3482 potuit,
755 3403 805 3476 te,
828 3393 925 3476 Cato,
946 3417 1013 3458 non
1032 3390 1145 3482 potuit.

655 3527 662 3551 ⁸
714 3558 718 3562 ’
764 3559 848 3636 745.

742 3668 768 3735 I
771 3679 862 3736 tem.

337 3786 405 3852 Ictu
425 3809 492 3851 non
513 3783 614 3874 potuit
629 3783 739 3874 primo
762 3785 844 3852 Cato
865 3785 993 3852 solvere
1018 3775 1133 3864 vitam,

379 3887 508 3956 Defecit
527 3901 613 3954 tanto
634 3890 770 3956 vulnero
792 3889 876 3956 victa
895 3913 1021 3954 manus.
1071 3903 1078 3920 ‘

338 3994 446 4063 Altius
466 3992 599 4060 inseruit
620 3993 753 4080 digitos:
783 4017 843 4082 qua
869 3994 998 4084 spiritus
1011 3977 1131 4079 'ingens

378 4098 507 4181 Exiret,
534 4121 690 4184 magnum
711 4099 843 4176 dextera
862 4097 939 4164 fecit
957 4099 1030 4164 iter.

338 4202 498 4297 Opposuit
523 4202 667 4268 Fortuna
687 4227 832 4286 moram,
859 4199 1229 4290 involvitquecaonis,

381 4309 486 4376 Scires
507 4319 541 4376 ut
562 4303 650 4378 ferro
670 4309 750 4392 plus
763 4307 919 4381 valuisse,
936 4327 1084 4376 manum·
1116 4321 1117 4326 ’
1290 4311 1292 4320 ⁴

1392 1225 1400 1262 l
