2876 4824
733 223 857 296 12—

270 399 333 464 Sed
353 420 428 482 noa‚
453 397 587 464 simulac
606 418 767 462 summam
788 397 824 462 in
844 401 1004 486 speculam
1026 402 1241 488 pervenimus,

269 504 415 568 videmus
436 505 593 594 populum
613 501 717 569 Furi-is
738 502 922 572 instinctum
943 505 1052 589 tribus,
1280 499 1282 506 ’

269 608 427 676 diversim
444 608 524 674 ferri
545 607 731 674 exterritum
752 605 937 674 formidine.

207 725 248 785 10
268 713 417 780 Aurorae
438 713 595 780 ostrinum
618 711 671 776 hic
691 711 816 778 indutus
837 737 1021 804 supparum,

267 841 421 884 coronam
442 842 482 886 ex
503 841 580 883 auro
598 828 628 882 et
647 819 785 904 gemmis
807 817 979 906 fulgentem
1000 820 1091 906 gerit,
1215 845 1239 918 p

267 921 337 986 luce
356 923 465 986 locum
485 921 634 989 afficiens.
676 967 686 990 .
729 968 739 989 .
1217 911 1237 951 ψ

269 1027 357 1091 Nam
378 1049 456 1114 quae
475 1040 620 1092 venustas
641 1025 694 1091 hic
714 1027 799 1094 adest
818 1018 1026 1118 gallantibusi

205 1142 246 1205 15
267 1155 346 1219 quae
366 1132 510 1200 castitas?
540 1157 618 1222 quae
638 1132 733 1204 vestis
754 1133 1021 1204 adolescentium?

268 1261 347 1325 quae
367 1238 482 1304 teneris
502 1239 643 1328 species?

722 1364 781 1439 50·

535 1476 582 1542 Μ.
614 1473 767 1542 Terentii
791 1470 827 1542 V
827 1477 970 1543 arronis.

266 1579 408 1645 Mundus
429 1577 542 1643 domus
563 1591 608 1644 eat
629 1578 772 1644 maxima
796 1601 915 1644 rerum.

267 1683 415 1773 Quinque
435 1685 581 1750 altitonae
600 1683 682 1748 hanc
701 1681 860 1777 fragmine
879 1709 977 1753 nonae

267 1790 412 1876 cingunt,
433 1814 493 1878 per
514 1813 587 1878 quas
608 1789 727 1855 limbus
751 1789 851 1880 pictus

265 1893 314 1960 bis
335 1919 393 1961 sex
412 1896 511 1981 signis
531 1895 814 1978 stellimicantibus,

202 2011 225 2080 5
264 2004 341 2089 altus
362 1998 397 2062 iu
418 1998 546 2083 obliquo
568 2000 707 2084 aethere,
728 2003 840 2071 Lunae

263 2103 349 2191 bigas
372 2101 516 2190 Solisque
535 2116 680 2192 receptat.
709 2187 713 2196 Δ

531 2341 581 2408 M.
607 2340 761 2407 Terentii
785 2335 826 2407 V
822 2338 970 2407 arronis.

265 2453 407 2544 Repente
426 2454 537 2520 noctis
549 2457 677 2522 circiter
696 2454 877 2538 meridiem,

266 2582 364 2646 quom
385 2557 484 2648 pictus
504 2561 561 2627 aiir
580 2560 715 2628 fervidis
735 2561 795 2627 late
814 2558 944 2646 ignibus

265 2661 346 2728 ¹coeli
367 2663 497 2728 choreas
519 2666 643 2732 astricas
664 2665 851 2748 ostenderet,
1016 2653 1019 2660 ¹

266 2768 365 2832 nubes
383 2770 524 2854 aquales,
551 2768 670 2856 frigido
696 2771 767 2836 velo
789 2770 887 2852 leves,
933 2805 934 2813 κ

203 2883 225 2948 5
267 2873 347 2936 coeli
368 2894 519 2940 cavernas
543 2898 656 2940 aureas,
670 2873 894 2956 subduxerant,

266 3001 379 3064 aquam
398 2993 563 3045 vomentes
583 2979 723 3046 inferam
742 2979 942 3064 mortalibus,

265 3085 413 3171 ventique
430 3083 549 3172 frigido
569 3109 604 3150 se
623 3085 661 3149 ab
683 3108 743 3149 axe
762 3096 942 3171 eruperant,

265 3186 445 3252 Phrenetici
465 3189 716 3278 septentrionum
736 3187 806 3274 filii,

264 3313 374 3356 secum
396 3289 531 3356 ferentes
555 3295 686 3380 tegulas,
707 3317 833 3377 ramos,
853 3294 952 3375 sirus3

170 3463 172 3466 ,
193 3373 245 3470 ᾖ)
266 3410 296 3462 at
314 3420 373 3462 nos
396 3396 503 3464 caduci
522 3398 683 3486 naufragi,
704 3397 853 3480 ciconiae,

266 3524 400 3588 quarum
419 3501 566 3591 bipennis
587 3500 731 3568 fulminis
753 3500 877 3588 plumas
900 3522 999 3587 vapos

264 3605 414 3695 perussit,
436 3608 497 3674 alte
516 3608 630 3674 moesti
656 3607 691 3673 in
712 3619 831 3672 terram
852 3604 1033 3671 cecidimus.

573 3861 615 3947 Q.
636 3855 778 3929 Lorarii
799 3859 930 3927 caralit

479 3965 517 4034 (in
535 3967 569 4034 Q.
587 3968 711 4022 Roscium
727 3967 832 4020 Gallum
849 3965 1036 4034 comoedum),

267 4065 493 4147 constiteram,
514 4068 712 4134 exorientem
734 4066 902 4132 Auroram
921 4063 1004 4131 forta
1024 4066 1168 4146 saturno,
1234 4081 1237 4086 ’

307 4192 404 4256 quom
425 4169 527 4236 subito
548 4193 566 4236 a
588 4173 679 4238 laeva
699 4171 831 4238 Roscius
855 4170 1010 4236 exotium

265 4276 346 4341 Pace
364 4275 448 4341 mihi
467 4275 575 4361 liceat,
603 4279 766 4361 coelestes,
787 4277 892 4342 dicere
913 4287 1033 4342 vestrae

306 4383 450 4450 mortalis
471 4381 572 4449 visust
591 4382 735 4472 pulcrior
755 4406 820 4448 esse
840 4383 916 4448 deut
