2994 4828
656 493 711 567 De
733 493 892 560 Boethio·
927 535 929 554 ι
1041 525 1045 534 -
1084 534 1088 546 .

300 619 448 686 Maeonia
471 627 504 680 et·
521 609 738 695 Latiutingaa
760 607 955 690 clarissimus
972 619 1005 672 et
1024 606 1082 692 qui
1191 637 1192 642 κ
1231 631 1243 646 ··

342 721 465 788 Consul
486 741 592 800 eram,
615 715 668 778 hie
688 712 772 802 perii
790 711 906 776 missus
926 712 962 776 in
984 711 1131 779 exilium.
1198 740 1202 774 ε

301 827 426 912 Ecquid
447 848 536 890 mors
558 819 686 911 rapuit?
724 817 828 882 Pietas
849 838 904 881 me
924 818 1015 883 vexit
1036 817 1078 882 ad
1099 839 1202 884 amas·
1239 866 1244 878 .

345 933 386 996 Et
406 952 491 996 nunc
511 927 597 995 fama
617 923 705 1012 viget
724 921 886 1006 maxima,
907 922 992 988 vivit
1014 945 1103 1011 opus.
1196 933 1200 974 t
1240 980 1245 996 s

727 1090 812 1168 aaa·
922 1059 926 1068 ’

593 1199 650 1266 De
671 1195 826 1264 Cornelio
848 1191 954 1259 Celso.

306 1313 467 1379 Distantes
489 1313 606 1380 medici
628 1311 814 1402 quandoque·
836 1321 867 1374 et
887 1305 1051 1396 Apollinis
1076 1315 1161 1370 artes

346 1417 454 1484 Musas
475 1419 623 1484 Romano
643 1419 791 1483 iussimus
814 1413 1012 1502 ore'luqui.·
1044 1443 1046 1451 ·
1076 1433 1079 1440 ·
1111 1423 1117 1436 '
1159 1449 1161 1457 ,
1248 1444 1251 1454 =
1320 1429 1328 1450 ··

306 1523 377 1589 Nee
397 1524 504 1589 minus
526 1537 570 1589 est
588 1524 680 1589 nobis
703 1547 760 1610 per
781 1543 879 1610 pauca
900 1518 1070 1583 volumina
1090 1515 1207 1600 firmae,
1241 1605 1245 1614 ι

350 1626 457 1712 Quam
478 1651 554 1715 quos
574 1630 661 1694 nulla
682 1630 753 1696 satis
780 1625 971 1694 bibliotheca
992 1624 1084 1714 c'a‘pit.
1186 1629 1189 1636 “

729 1798 813 1871 850·

442 1905 485 1972 In
506 1905 603 1973 Curii
627 1905 876 1974 Fortunatiuni
895 1905 1115 1972 rhetoricam.

310 2017 459 2104 Quisquis
479 2019 639 2087 rhetorico
661 2021 785 2087 festinat
806 2021 933 2086 tramite
955 2019 1063 2085 doctus

312 2121 368 2186 Ad
389 2123 471 2210 leges
493 2137 523 2189 et
543 2126 611 2190 iura
630 2127 729 2208 trahi,
750 2126 832 2192 bene
853 2125 991 2212 perlegat
1015 2124 1090 2192 artis

310 2229 384 2292 Hoc
404 2250 500 2315 opus,
522 2242 551 2294 et
570 2242 683 2296 notum
704 2229 796 2298 faciet
816 2253 874 2318 per
896 2229 1035 2318 compita
1056 2227 1180 2306 callem,

732 2401 817 2469 851.

521 2501 578 2568 De
598 2506 802 2570 aeternitate
823 2501 1034 2569 Uerminam.
1091 2506 1095 2516 ’

312 2615 449 2680 Nullum
468 2639 546 2707 opus
571 2619 725 2706 exsurgit,
752 2619 837 2707 quod
858 2642 924 2684 non
943 2637 1061 2680 annosa
1082 2623 1216 2704 vetustas

352 2721 538 2810 Expugnet‚
563 2723 648 2810 quod
670 2749 737 2790 non
757 2735 862 2790 vertat
880 2721 988 2807 iniqua
1010 2719 1086 2802 dies,
1187 2717 1190 2722 ’
1242 2700 1246 2713 ’

312 2823 366 2890 Tu
386 2825 458 2891 licet
478 2826 608 2892 extollas
629 2853 762 2916 magnos
784 2828 824 2894 ad
843 2825 955 2891 sidera*
969 2835 1108 2907 mo'ntes,

351 2929 393 2995 Et
412 2905 528 2996 stillulae
549 2955 660 3020 aeques
681 2957 847 3000 marmore
865 2930 1064 3019 pyramidas.

311 3034 443 3121 Ingenio
463 3059 552 3103 mors
569 3039 657 3104 nulla
676 3052 786 3122 nocet,
814 3045 907 3122 vagat
927 3035 1067 3122 undique
1085 3044 1200 3099 tutum.

350 3139 510 3208 Inlaesum
529 3166 655 3234 semper
677 3144 820 3214 carmina
838 3163 960 3208 nomen
981 3139 1107 3208 habent.

722 3313 805 3386 852·

525 3418 582 3486 De
602 3423 788 3487 Musarum
807 3415 1028 3507 perennitate.

310 3529 356 3595 Ut
377 3529 485 3598 Venus
505 3534 540 3599 in
561 3537 669 3616 terris,
690 3535 724 3599 in
746 3535 833 3622 aquis
855 3534 908 3599 dat
927 3531 999 3596 iura
1021 3529 1172 3618 Cupido‚'

311 3634 364 3698 Sic
385 3635 498 3701 Musae
518 3661 678 3705 memores
699 3651 827 3705 servant
846 3661 905 3728 per
926 3638 1031 3702 secula
1051 3635 1164 3703 libros.
1258 3677 1261 3692 ·

311 3741 365 3805 Sic
385 3763 491 3806 comes
512 3763 679 3809 armorum
702 3745 812 3810 cressit
833 3766 890 3832 per
911 3740 1054 3806 carmina
1074 3738 1172 3825 sama,
1223 3764 1230 3783 ¹

308 3847 380 3911 Nec
400 3846 474 3912 sinit
494 3848 627 3913 aeternis
651 3847 843 3915 occumbere
862 3846 979 3935 scripta
1000 3845 1139 3911 coronis.

310 3952 414 4018 Pallas
434 3966 517 4018 amat
538 3953 646 4020 Musas
668 3969 758 4043 atque
779 3965 871 4019 omat
889 3950 983 4020 laude
1004 3952 1172 4031 Camenas,

306 4057 472 4122 Bellorum
492 4058 576 4123 vivit
596 4061 723 4148 placatis
748 4061 852 4146 gloria
873 4056 986 4138 Musis,

308 4163 349 4230 Et
369 4161 505 4228 Veneris
527 4176 668 4230 constant
688 4167 792 4231 iuncta
813 4187 887 4242 uum
907 4161 1036 4228 Pallade
1058 4162 1174 4228 Musae

308 4267 462 4358 Imperio.
505 4266 559 4332 Sic
581 4281 690 4332 cuncta
711 4267 793 4354 regit
813 4267 924 4334 divina
943 4267 1103 4356 voluptas.
