3002 4816
605 253 811 356 ...m-

669 449 756 529 704·

612 561 826 650 Myrino·

241 681 328 746 Inter
349 675 569 746 Amazonidos
575 726 587 761 ,
608 700 685 764 quas
707 675 811 741 insula
832 675 913 741 celsa
934 673 1091 756 Tritonis,

243 787 402 874 Hesperu,
422 781 610 872 progenuit,
631 779 686 868 qui
708 801 764 848 me
784 779 909 850 nescire
928 779 1101 869 Myrinam

128 873 131 882 ’
242 889 390 972 Dixerit,
411 889 559 977 ignarum
580 909 648 952 sese
668 883 800 951 fateatur
820 897 945 973 oportet

241 994 392 1060 Eximiae
412 992 525 1062 laudis.
567 991 777 1080 Libyamque
799 987 978 1079 Asiamque
994 987 1114 1076 subegi·

669 1169 754 1246 705.

564 1277 864 1350 Penthesilea.

244 1397 441 1483 Graiugenas
462 1392 543 1460 acies
564 1417 715 1484 superans
735 1394 918 1484 passimque
936 1391 1056 1480 fugatas

243 1500 439 1568 Penthesilea
459 1523 628 1590 premens,
649 1499 760 1565 ulcisci
780 1498 899 1564 nobilis
920 1499 1074 1563 umbram

244 1605 393 1674 Hectoris
414 1605 483 1691 ipsa
503 1604 571 1670 mei
590 1603 697 1693 potui,
723 1603 759 1669 ni
780 1603 868 1668 dirus
889 1604 1029 1669 Achillis

242 1713 302 1777 Ille
322 1711 559 1802 Neoptolemus
581 1729 635 1772 me
659 1709 743 1774 clam
764 1708 902 1776 misisset
922 1707 962 1773 ad
983 1707 1119 1774 Orcum.

675 1879 761 1960 706·
797 1927 799 1934 ,

583 1992 641 2060 De
659 1994 841 2062 Perdicca.

244 2109 395 2176 Eximius
414 2109 566 2177 Perdicca
587 2107 663 2194 fuit,
684 2111 738 2198 qui
760 2132 897 2200 corpore
919 2109 1041 2182 eburno

245 2215 400 2302 Frigebat
419 2213 581 2302 roseisque
601 2217 708 2305 genis,
728 2217 781 2284 cui
800 2215 924 2282 lumina
943 2214 1077 2280 blandas

246 2321 434 2388 Fundebant
453 2319 620 2408 flammas,
641 2323 747 2389 crocei
766 2345 825 2412 per
848 2321 929 2387 oolla
952 2318 1060 2411 capilli
1090 2351 1091 2356 ¹

246 2427 430 2495 Pendebant
449 2428 620 2514 variosque
641 2427 757 2493 dabant
777 2426 839 2493 sibi
857 2449 951 2517 saepe
971 2427 1107 2492 colores.

163 2551 184 2611 5
251 2536 373 2602 Fulvus
391 2535 503 2624 poples
524 2545 608 2614 erat,
627 2531 747 2598 nitidus
768 2556 840 2621 pes3
861 2532 972 2598 omnia
991 2531 1108 2615 rident,

247 2640 417 2729 Quidquid
436 2638 530 2704 habet
550 2637 698 2718 iuvenis3
724 2638 811 2704 solus
832 2637 980 2705 vincebat
999 2635 1164 2706 Adonem.

676 2817 762 2894 707.

591 2922 676 2990 Mil
683 2933 696 2988 t
703 2925 718 2988 i
724 2923 778 2989 ad
783 2946 801 2989 e
807 2946 836 2987 e.

250 3040 317 3128 Qui
337 3040 447 3103 Persas
469 3035 557 3102 bello
578 3037 658 3104 vicit
678 3035 878 3102 Marathonis
898 3036 934 3101 in
955 3036 1053 3120 arvis,

292 3142 429 3212 Ciribus
450 3141 583 3229 ingratis
603 3153 634 3208 et
654 3140 759 3230 patria
779 3141 910 3206 interiit.
926 3212 930 3219 s

251 3249 392 3326 Πάντες,
419 3244 593 3329 Μιλτιάδη,
615 3243 655 3313 ad
678 3245 705 3311 o'
724 3242 819 3333 ἀρήϊα
838 3245 911 3333 ἔργα
929 3248 1042 3312 ἴσασιν·

292 3358 412 3448 Πέρσαι
432 3357 486 3424 sut
501 3352 670 3442 Μαραθῶν
695 3358 752 3438 osis
772 3352 883 3441 ἀρετῆς
906 3352 1038 3438 τέμενος.

679 3516 765 3588 708·

571 3623 871 3722 Stesichorus.-

252 3743 323 3830 Ops
343 3763 403 3834 ego
424 3740 598 3807 Stesichori
621 3738 772 3806 Aetnaeis
791 3738 846 3802 hio
867 3737 989 3803 ossibus
1010 3761 1079 3804 ossa

292 3846 406 3944 Ciausa
426 3857 497 3932 tego
518 3846 618 3932 vatis,
638 3859 745 3914 cetera*
761 3844 900 3912 mundus
923 3843 1029 3910 habet.

679 4017 765 4095 709.

628 4122 804 4212 Sappho.

254 4235 398 4308 Tantum
420 4257 479 4326 ego
499 4236 695 4304 *carminibus
716 4241 864 4328 superavi
887 4239 1016 4331 Sappho
1040 4236 1168 4329 puellas,

296 4347 483 4418 Maeonides
505 4356 657 4434 quantum
678 4346 798 4413 uicerat
818 4359 890 4413 ante
910 4347 1011 4414 viros.
