3002 4816
712 230 918 329 „ss—2-

771 419 857 500 606.

344 519 500 608 Egregios
520 539 670 608 proceres
692 537 824 582 currum
844 536 976 580 servare
997 513 1159 602 Cybebae,

344 629 454 713 Quem
473 623 612 690 traheret
632 619 786 684 conducta
806 631 919 686 manus
940 619 1177 716 Megalensibus
1197 622 1285 707 actis,
1398 689 1404 697 ,

343 731 485 798 Arboris
510 725 634 792 excisae
654 737 805 790 truncum
824 738 953 812 portare
970 748 1029 813 per
1047 727 1176 809 urbem,

342 835 436 902 Attin
461 845 629 900 castratum
653 829 757 896 subito
777 829 978 918 praedicere,
997 831 1121 898 Solem.

343 1068 461 1154 Dignis
483 1066 578 1152 digna
599 1065 668 1129 loca
689 1064 820 1150 picturis
842 1065 1078 1150 condecoravit,

339 1173 482 1260 Reginae
503 1168 631 1234 Iunoni'
654 1165 805 1258 Supremi
828 1170 966 1256 coniugi’
988 1171 1157 1260 templum,

344 1279 476 1345 Marcus
496 1273 620 1339 Ludius
641 1274 750 1338 Elotas
772 1273 901 1338 Aetolia
922 1274 1086 1358 oriundus,

341 1381 451 1468 Quem
461 1401 549 1445 nunc
561 1391 592 1444 et
610 1391 682 1467 post
694 1399 824 1466 semper
838 1377 880 1440 ob
902 1390 1003 1444 artem
1016 1379 1100 1444 hanc
1118 1378 1230 1448 Ardea
1249 1383 1365 1450 laudat.
1440 1369 1448 1385 i

768 1517 853 1596 608.

720 1611 779 1678 Di
786 1635 904 1678 anae.

339 1731 478 1798 Munere
497 1740 529 1793 te
547 1727 612 1792 hoc
631 1727 732 1811 dono,
757 1727 911 1809 Latonia,
932 1739 1037 1793 sancta
1058 1728 1179 1816 virago.

337 1837 553 1924 Comigeram
577 1833 685 1921 cepei,
706 1832 826 1898 virtute
847 1844 877 1896 et
898 1832 991 1897 laude
1011 1833 1136 1920 potitus,

334 1940 555 2028 Exuvieisque
576 1939 643 2004 eius
663 1952 694 2003 te
714 1939 820 2028 ipsam
842 1939 1063 2027 templumque
1082 1938 1214 2003 decoro.

598 2169 640 2239 V
637 2172 732 2266 eueri
753 2080 1018 2238 eidogisaritibus.

338 2289 612 2368 Coehrm‚ter1·a,
635 2308 725 2350 mare
747 2298 776 2350 et
797 2287 895 2350 deum
916 2297 1039 2350 remota

336 2395 432 2461 Mens
453 2401 564 2456 vostro
590 2388 705 2452 colitur
727 2387 854 2452 favente
876 2389 980 2453 ductu.

337 2496 469 2563 Nostris
489 2515 567 2582 ergo
574 2544 585 2580 ,
613 2493 706 2574 deae,
732 2489 837 2556 favete
864 2490 960 2556 votis.

759 2632 843 2710 610·

712 2726 902 2792 Silenus.

335 2845 425 2912 Bella
446 2865 545 2909 manu
564 2863 742 2931 pacemque
762 2865 856 2929 gero,
878 2863 975 2922 mox,
996 2840 1155 2928 praescius
1177 2844 1249 2910 aevi

333 2951 385 3018 Te
403 2949 483 3016 duce
504 2945 649 3032 venturi,
669 2944 811 3012 satorum
832 2968 947 3012 arcana
966 2946 1142 3012 recludam.

647 3135 650 3142 ·
757 3098 843 3175 611.

492 3188 539 3260 In
560 3204 710 3296 statuam
737 3189 922 3281 quamdam
947 3187 988 3258 V
984 3191 1107 3259 enoris.

329 3310 369 3376 In
388 3308 514 3398 gremio
535 3307 676 3373 ¹Veneris
696 3306 859 3394 quoddam
886 3328 983 3391 genus
1002 3305 1101 3370 herba
1123 3304 1266 3372 virescit:

331 3413 436 3479 Sensit
457 3412 657 3496 durantes,
679 3434 742 3498 quo
764 3412 836 3477 luco
859 3422 1017 3476 exaestuet
1037 3410 1131 3498 ignis.

759 3550 842 3628 612.

715 3641 757 3711 V
759 3667 872 3712 enus.

329 3759 444 3826 Uritur
463 3759 538 3848 igne
557 3782 616 3826 suo
636 3757 830 3824 fumantibus
852 3758 958 3826 Aetna
979 3759 1135 3824 cavernis.

367 3866 490 3933 Pendet
508 3887 621 3931 amore
644 3863 754 3932 Venus
774 3866 876 3931 uritur
897 3864 972 3950 igne
988 3886 1057 3930 suo.

584 4098 640 4165 De
662 4008 837 4167 Αᾱονι661ῗιο
861 4097 902 4167 V
899 4119 1006 4166 euers.

322 4207 467 4295 Pingitur
491 4229 548 4270 ora
569 4203 697 4286 Venus,
718 4229 761 4270 ne
782 4205 835 4270 vel
858 4214 1041 4269 contemnat
1063 4199 1191 4266 Adonis
1274 4237 1278 4243 -

364 4313 431 4379 Aut
452 4322 560 4398 neget3
590 4310 794 4396 omnipotens
818 4309 958 4397 pingitur
980 4331 1036 4372 ora
1057 4306 1179 4371 Venus.
1278 4379 1281 4384 ¹
