3000 4820
596 256 800 367 *ρῳ-’-

231 451 290 516 Ille
310 450 365 516 vel
385 462 491 516 orator
513 451 566 516 vel
588 450 667 520 civis
689 452 866 535 maximus,
883 452 978 519 'idem

272 555 470 622 Clauserat
493 554 600 638 sactis,
622 557 738 628 clarior
759 559 895 645 eloquio.

148 677 167 732 5
226 659 294 745 Ac,
320 685 361 726 ne
383 661 458 748 quid
480 657 608 729 fortuna
631 661 704 750 ¹viro
724 661 868 727 nocuisse
889 675 1022 754 putetur,

273 764 377 832 Vivus
398 762 432 829 in
454 777 617 834 aeternum
640 767 731 831 docta
751 783 884 858 perora
905 755 1000 862 relat.

613 957 614 966 1
652 910 739 986 401.

574 998 827 1090 Asclepiadius.

229 1112 358 1179 Marcus
379 1137 469 1182 eram
491 1114 605 1184 Cicero
626 1128 693 1185 toto
713 1117 898 1184 notissimus
923 1117 1012 1201 orbe,

270 1216 369 1284 Cuius
390 1217 538 1304 reliquias
560 1220 674 1288 occulit
693 1243 773 1290 urna
792 1221 914 1290 brevis.
1022 1278 1024 1287 .
1065 1279 1068 1287 ,

228 1320 369 1386 Dextera
390 1344 444 1386 me
466 1323 585 1406 patriae
604 1348 706 1413 nuper
728 1325 832 1391 civilis
854 1325 981 1410 ademit,

270 1425 384 1514 Eripui
406 1427 542 1514 patriam
564 1429 617 1515 qui
642 1430 729 1518 prius
750 1430 858 1496 exiti0.

144 1537 164 1597 5
230 1529 264 1596 Si
286 1531 355 1617 quis
376 1531 411 1598 in
431 1532 493 1598 hoc
513 1557 591 1600 saxo
612 1535 703 1598 Tulli
730 1533 808 1620 legis
829 1533 952 1602 advena
974 1561 1103 1624 nomen,

269 1636 322 1702 Ne
343 1637 523 1724 dedigneris
545 1639 668 1717 dicere,
696 1637 809 1703 Marde
832 1640 913 1705 vale.

463 1955 465 1958 -
581 1907 804 1980 Eusthenius.

224 2018 353 2084 Tullius
377 2017 519 2106 Arpinas
540 2043 581 2088 ex
602 2021 715 2090 ordine
738 2036 826 2090 natus
847 2028 1000 2114 equestri)

270 2123 332 2188 Sed
354 2123 470 2188 virtute
490 2147 546 2190 sua
566 2127 677 2195 consul
698 2127 733 2191 in
754 2129 832 2194 urbe
852 2127 921 2196 fuit.
999 2191 1001 2198 Α

228 2228 337 2316 Quem
358 2227 494 2294 Catilina
513 2230 615 2296 malus
637 2221 852 2319 oonluratiqua
870 2222 1018 2304 nocentes

269 2336 441 2400 Senserunt
461 2335 594 2422 vigilem
616 2334 739 2400 civibus
761 2356 827 2401 esse
845 2338 920 2403 suis.

145 2453 165 2512 5
225 2441 324 2511 ,Hunc
341 2452 452 2505 tarnen
472 2436 514 2528 (ο
533 2439 667 2527 pietasl)
688 2452 750 2504 tres
775 2439 919 2507 occider‘e
939 2446 1067 2532 tyranni
1073 2473 1084 2528 3

271 2543 317 2610 At
336 2544 452 2611 Lamia
473 2545 527 2610 ille
547 2545 603 2632 pio
626 2543 788 2636 supposuit
808 2545 941 2616 rumulo.

610 2697 614 2704 ’
648 2689 733 2761 403·

573 2797 812 2884 Pompeianus.

230 2907 298 2995 Qui
317 2923 401 2976 tenet
420 2909 538 2995 eloquii
557 2907 680 2996 fastigia
699 2933 826 2976 summa
845 2912 944 2996 latini,

272 3013 340 3099 Qui
360 3013 469 3076 consul
488 3012 625 3099 patriam
645 3013 789 3076 caedibus
810 3013 933 3100 eripuit,
1042 3095 1044 3098 Ι

230 3118 356 3205 Quique
375 3115 476 3178 trium
494 3136 591 3178 saevo
612 3115 713 3178 vitam
735 3113 822 3178 dedit
841 3139 914 3180 ense
934 3117 1093 3199 virorum,

272 3219 398 3284 Tullius
419 3230 481 3300 est,
501 3229 531 3282 et
551 3217 586 3282 in
605 3219 665 3282 hac
684 3217 752 3304 ipse
770 3220 904 3304 sepultus
924 3219 1032 3284 humo.

147 3343 169 3400 5
222 3324 257 3390 si
277 3321 415 3391 brevitas
441 3321 523 3386 vitae
542 3333 689 3410 pensatur
709 3320 800 3384 laude
820 3321 961 3406 pereuni,

274 3427 381 3512 Quam
402 3447 490 3492 mors
511 3425 641 3516 eripuit,
666 3422 766 3510 gloria
784 3422 925 3490 restituit.

490 3684 494 3694 '
567 3679 814 3748 Maximianus.

232 3792 356 3859 Tullius
376 3791 430 3856 hic
449 3791 523 3858 situs
544 3806 605 3874 est,
635 3793 815 3860 venerabile
835 3809 955 3857 nomen
971 3793 1008 3858 in
1029 3817 1152 3877 aevum,

231 3971 234 3976 ¹
269 3897 381 3962 Clarus
401 3897 523 3960 honore
543 3896 656 3979 simul,
685 3898 785 3964 clarus
806 3908 837 3962 et
856 3895 992 3982 ingenio.

233 4002 340 4085 Quem
359 4003 506 4066 scelerata
528 4001 599 4064 neci
619 4001 786 4066 crudeliter
812 4021 901 4064 arma
922 3999 1045 4083 dedere,

274 4104 369 4189 Quod
394 4105 511 4191 patriae
528 4103 649 4168 vindex
668 4105 724 4168 ille
744 4087 846 4168 fidelis
867 4116 942 4186 erat,

150 4219 171 4279 5
231 4206 294 4270 Sed
315 4207 397 4272 nihil
415 4205 545 4272 infanda
564 4205 701 4293 profecit
720 4206 812 4270 caede
831 4219 994 4294 tyrannus.

275 4309 444 4394 Ingenium
464 4307 565 4393 vivit,
589 4329 701 4398 corpus
721 4309 815 4375 inane
834 4308 927 4397 perit.
