2992 4826
773 149 822 290 si

196 486 204 493 ,
241 424 266 490 5
315 411 417 500 'Ergo
436 405 593 476 iudicium
612 405 696 474 nihil
715 418 762 474 cst
780 407 843 474 nisi
864 405 990 497 publica
1009 428 1146 494 merces,

369 515 477 604 Atque
497 535 601 603 eques,
621 512 657 580 in
676 535 767 580 causa
786 514 841 602 qui
858 511 954 597 sedet,
976 527 1082 605 empta
1102 513 1225 605 probat.

756 637 840 717 160·

634 751 798 834 Petronii
816 747 964 820 Arbitri.

327 867 480 958 Quisquis
501 866 596 936 habet
614 891 788 957 nummos,
818 891 928 936 secma
947 865 1076 954 naviget
1097 889 1182 951 aura,

370 976 610 1062 Fortunamque
628 997 686 1040 suo
706 985 863 1064 temperet
883 973 1028 1040 arbitrio.

327 1079 478 1148 Uxorem
499 1079 592 1146 ducat
610 1081 762 1164 Danaen,
789 1078 958 1169 ipsumque
976 1079 1085 1145 licebit

368 1183 537 1252 Acrisium
558 1184 663 1252 iubeat
683 1184 832 1269 credere,
855 1183 1105 1272 quodDanaen.

242 1301 265 1366 5
327 1291 483 1361 Carmina
504 1303 692 1380 componat,
714 1291 886 1374 declamet,
908 1302 1093 1380 concrepet,
1115 1313 1228 1358 omnes
1304 1311 1308 1315 ’

369 1399 412 1466 Et
432 1393 561 1486 peragat
584 1419 706 1484 causas,
733 1398 834 1484 sitque
855 1397 976 1464 Catone
995 1395 1098 1484 prior.
1138 1484 1141 1490 ‚

325 1502 568 1568 Iurisconsultus
589 1503 717 1584 Paret,
743 1503 828 1572 Non
843 1512 948 1592 paret
970 1501 1094 1584 habeto,

367 1603 475 1692 Atque
496 1620 578 1694 esto,
606 1607 761 1696 quidquid
782 1606 912 1672 Servius
935 1619 965 1673 et
984 1607 1106 1672 Labeo.

326 1709 432 1778 Multa
451 1713 578 1800 loquor.
621 1712 761 1799 Quidvis
784 1713 928 1778 nummis
950 1710 1165 1801 praesentibus
1186 1707 1268 1800 opta,

242 1829 286 1894 10
367 1817 410 1886 Et
431 1817 550 1887 veniet.
597 1819 750 1886 Clausum
771 1817 911 1908 possidet
931 1840 1004 1886 arca
1022 1817 1148 1884 Iovem.
1261 1869 1262 1876 ,

753 1937 838 2020 161·

633 2055 796 2123 Petronii
817 2051 964 2122 Arbitri.
1288 2091 1293 2104 κ

328 2167 409 2234 Non
427 2165 548 2234 Indum
568 2165 708 2258 fulgebat
728 2168 823 2252 ebur,
855 2169 941 2255 quod
961 2168 1138 2234 inhaeserat
1159 2189 1248 2253 auro,

327 2275 400 2342 Nec
418 2273 486 2338 iam
506 2274 622 2340 calcato
643 2276 787 2342 radiabat
805 2295 972 2339 marmore
991 2285 1086 2356 terra,

328 2376 520 2446 Muneribus
541 2377 650 2444 delusa
671 2381 752 2464 suis,
779 2377 835 2444 sed
857 2391 940 2444 crate
960 2378 1081 2464 saligna

327 2482 508 2572 Inpositum
530 2482 656 2548 Cereris
678 2506 797 2550 vacuae
816 2505 949 2567 nemus,
979 2495 1010 2548 et
1029 2505 1117 2548 nova
1136 2495 1239 2548 terrae

245 2596 269 2663 5
332 2588 467 2672 Pocula,
495 2609 575 2676 quae
596 2586 685 2654 facili
705 2587 780 2654 vilis
801 2600 871 2654 rota
892 2587 1028 2654 finxerat
1048 2601 1128 2654 actu.

326 2694 415 2760 Hinc
439 2693 548 2760 mollis
568 2693 669 2760 stillae
689 2695 792 2778 lacus,
821 2692 912 2758 etde
933 2693 1061 2760 caudice
1082 2694 1169 2762 lento

328 2797 502 2865 Vimineae
521 2799 626 2864 lances
650 2799 865 2886 maculataque
886 2810 962 2864 testa
987 2797 1111 2885 Lyaeo,

331 2905 375 2972 Et
393 2903 497 2995 paries
519 2903 604 2970 circa
623 2906 713 2993 palea
733 2902 857 2968 satiatus
877 2902 968 2969 inani

330 3008 537 3096 Fortuitoque
556 3007 624 3073 luto
647 3008 755 3073 clauos
776 3008 965 3074 numerabat
985 3021 1129 3097 agrestes,

245 3111 290 3189 10
329 3115 373 3182 Et
390 3113 492 3181 viridi
512 3113 608 3178 iunco
629 3113 755 3200 gracilis
779 3111 935 3202 pendebat
955 3116 1088 3184 antndo.

247 3224 252 3234 '
329 3219 499 3286 Praeterea
515 3241 590 3307 quas
606 3217 735 3287 fumoso
755 3241 909 3308 suspensa
929 3221 1032 3306 tigillo

331 3321 551 3390 conservabat
571 3347 647 3413 opes
667 3323 800 3389 humilis
822 3345 904 3408 casa,
932 3323 1023 3388 mitia
1044 3322 1139 3390 sorba

330 3426 419 3493 Inter
439 3427 585 3521 odoratas
606 3427 787 3516 pendebant
805 3438 888 3494 texta
911 3449 1054 3513 coronas,

332 3531 377 3598 Et
396 3531 570 3620 thymbrae
590 3546 713 3600 veteres
735 3547 765 3600 et
783 3535 881 3622 pessis
902 3558 966 3601 uva
985 3537 1131 3602 racemis.

246 3645 290 3717 15
332 3635 444 3720 Qualis
464 3637 500 3704 in
519 3637 640 3706 Actaea
661 3636 824 3726 quondam
843 3634 904 3704 fuit
923 3639 1047 3728 hospita
1064 3655 1158 3726 terra,

329 3738 438 3827 Digna
452 3742 565 3828 ‚sacris
586 3745 716 3825 Hecale,
737 3763 834 3830 quam
844 3741 939 3809 Musa
961 3746 1162 3832 loquentibus
1184 3748 1274 3814 annis

329 3845 487 3916 Battiades
507 3839 816 3915 veteri'mirandam
837 3848 968 3916 tradidit
988 3839 1080 3917 aevd.

813 3981 846 4044 2.

640 3973 809 4158 Petroriii
817 4088 968 4158 Arbitri.

375 4200 443 4286 Qui
462 4201 574 4291 pelago
600 4205 718 4290 eredit,
741 4227 860 4294 magno
881 4231 916 4273 se
936 4206 1070 4272 foenore
1090 4205 1181 4269 tollit.

377 4305 445 4395 Qui
463 4331 584 4400 pugnas
606 4320 638 4374 et
658 4321 760 4379 castra
780 4313 873 4401 petit,
895 4311 1106 4402 praecingitur
1127 4329 1214 4377 auro.
