2994 4828
661 235 710 315 38

579 326 787 346 unna—nu*

137 426 306 500 ata-ausa
329 443 415 499 nuper
436 446 452 482 a
468 425 514 482 rs.
532 423 673 484 Wuusso
695 429 1007 506 commentatio-agrafi.
1022 439 1059 497 ds
1074 441 1168 502 coam
1183 446 1244 508 ,rm

137 535 255 572 seorsum
271 517 342 570 edita
358 527 407 570 est.
563 575 567 584 ,

206 607 298 658 1-5.
317 607 387 674 apud
402 605 513 658 Marium
530 602 696 659 Victorinum
711 601 771 658 Art.
789 625 895 676 grarnm.
913 629 942 680 p.
959 613 1038 678 25q3,
1070 620 1073 628 ’

206 710 230 748 r·
250 693 336 761 Vidit]
354 693 500 747 Varronem
525 692 726 760 descriptionem
752 700 931 757 susurrandi
954 702 992 758 sic
1008 705 1243 781 instituissopum

136 782 271 847 Wernsd.,
287 790 317 833 ut
333 783 446 850 aliquem
462 781 614 850 siredeum,
630 781 685 833 sire
697 782 831 848 hominem
848 789 973 844 diuinitus
985 793 1116 859 edoctum,
1131 798 1243 856 fortuna

134 870 327 942 Pythagoram,
344 887 434 922 omnes
451 870 568 922 siderum
585 870 664 922 orbas
680 880 818 944 terrasque
835 876 987 931 lustrantem
1003 881 1037 933 de
1052 884 1138 952 iisque
1156 886 1242 942 disse-

133 969 235 1014 rentem
250 961 397 1014 induceret.
432 958 504 1013 Talis
524 977 587 1029 ergo
603 961 755 1029 speculator
771 963 805 1014 ad
821 965 894 1016 vidit
915 965 1104 1034 intelligendus
1121 983 1172 1026 est.
1205 975 1244 1032 At

132 1049 241 1102 fortasse
261 1047 408 1100 Mercurius
432 1057 568 1100 enarrator
589 1047 774 1102 miraculorum
798 1052 868 1104 coeli
891 1052 919 1107 in
948 1055 1060 1109 ammius
1082 1058 1243 1120 Varroniano

132 1137 191 1201 fuit,
207 1137 230 1188 si
246 1136 284 1201 id,
302 1138 373 1202 quod
390 1137 546 1207 Bernhardy
562 1137 598 1190 ad
608 1137 718 1209 Dionys.
736 1139 843 1208 Perisg.
861 1158 921 1210 pag·
939 1142 1000 1196 521.
1018 1145 1160 1216 adnotavit,
1172 1149 1243 1206 vau

132 1243 226 1278 ronam
247 1242 349 1278 camreu
372 1243 447 1278 suum
469 1227 502 1279 ad
518 1227 698 1280 Eratosthenis
719 1227 880 1283 Mercurium
902 1233 1078 1300 composuisse
1100 1235 1141 1305 (ut
1161 1242 1243 1296 modo

134 1314 215 1380 dixi),
238 1332 330 1367 rerum
354 1323 402 1364 est.
435 1314 467 1368 In
489 1326 611 1383 poemate
637 1317 706 1369 enim
723 1315 918 1384 Eratostlronis,
944 1320 1016 1389 quod
1032 1321 1182 1378 Mercurius
1197 1328 1242 1382 in·-

133 1401 244 1469 soriptua
261 1412 309 1467 est,
325 1402 470 1456 Mercurius
487 1405 592 1458 coslum
607 1405 765 1473 accedisse,
784 1407 876 1476 ibique
892 1425 970 1460 sonos
986 1417 1113 1463 astrorum
1130 1417 1242 1473 musicos

131 1489 213 1542 uriae
230 1491 368 1545 admiratus
385 1504 519 1561 narratur,
542 1505 597 1547 tum
619 1495 708 1548 stellas
727 1496 906 1559 constituisse,
927 1503 984 1548 tum
1006 1514 1107 1550 meuses
1129 1502 1241 1570 primum

132 1577 275 1630 instituisse
299 1590 326 1632 et
348 1583 493 1652 pervidisse
509 1587 626 1638 siderum
648 1600 751 1644 cursus,
772 1592 802 1634 ut
817 1583 974 1652 Bernhardy
990 1584 1017 1638 in
1033 1583 1241 1644 Eratosthenicis

132 1682 161 1733 p.
182 1682 239 1718 rro.
256 1668 355 1722 scribit.
392 1672 459 1726 Cum
484 1674 582 1728 deinde
605 1672 676 1723 idem
692 1672 734 1724 uir
751 1670 843 1722 doctus
866 1670 887 1720 l.
910 1669 931 1722 l.
954 1689 982 1740 p.
1010 1672 1067 1740 ¹49·
1085 1677 1241 1746 suspicetur,

131 1755 161 1808 in
176 1755 274 1826 Hygini
291 1760 379 1812 fabula
398 1778 456 1830 ¹77·
474 1770 600 1830 quattuor
616 1776 708 1810 versus
729 1774 763 1812 ex
783 1757 966 1812 Eratosthenis
982 1758 1132 1832 Mercurio,
1152 1766 1181 1821 iu
1195 1767 1240 1823 ls-

132 1841 377 1920 tinumsermonem
395 1863 544 1913 conversos,
561 1847 651 1900 afferri
1097 1917 1100 1928 Ι

258 1944 350 2011 Tuque
369 1943 521 2010 lycaoniae
540 1953 657 1997 mutctoe
675 1941 771 1998 semine
791 1939 926 2010 (semita)
947 1943 1098 2024 Nymphae,

259 2043 340 2096 quarn
357 2027 444 2097 gelida
464 2038 568 2098 raptam
588 2031 621 2082 de
638 2029 731 2082 verace
750 2027 915 2081 Nonacrinae

259 2112 361 2180 Oceano
379 2112 497 2182 prohihet
514 2133 614 2186 semper
632 2133 661 2168 aa
681 2115 777 2186 tangere
800 2113 907 2180 Tethys,

257 2213 326 2251 ausa
345 2215 410 2252 suae
430 2201 501 2272 quod
518 2200 555 2272 sit
573 2202 705 2273 quondam
724 2197 886 2252 succumbere
906 2195 1044 2268 alumnae,
1075 2243 1077 2250 .

131 2310 185 2348 non
201 2292 344 2348 abhorrere
361 2298 467 2350 uideuar
483 2317 498 2352 a
512 2299 633 2366 veritate,
650 2299 672 2350 si
690 2297 749 2368 quis
765 2294 900 2364 coniiciat,
916 2296 966 2350 hoa
982 2315 1072 2352 versus
1089 2317 1123 2355 ex
1138 2299 1238 2358 vano-

131 2384 171 2437 nis
189 2384 385 2455 Chorographia
402 2404 458 2440 esse
475 2396 602 2456 sumptos.

198 2490 226 2543 4.
249 2491 361 2546 laetitia
382 2506 437 2546 eet:
465 2505 498 2547 at
520 2492 588 2561 rum]
612 2491 736 2559 Rutgers'.
760 2490 852 2545 Lectt.
875 2487 945 2545 ven.
973 2508 1009 2542 ο.-
1021 2492 1048 2545 5.
1070 2491 1093 2544 1.
1123 2491 1238 2566 Tollius,

131 2577 215 2632 Gerla.
235 2578 351 2650 Vossius,
369 2581 536 2636 Wiillnorus.
555 2583 632 2635 Cani.
650 2583 683 2633 Β.
702 2579 734 2633 sd
751 2579 853 2632 Luxor.
870 2578 915 2631 41.
933 2578 1045 2632 laetitia
1062 2590 1119 2638 eat:
1137 2592 1165 2636 et
1180 2593 1238 2636 tum

128 2666 254 2722 Wernsd.
272 2672 307 2722 ad
323 2671 436 2724 Licentii
460 2687 562 2722 emman
577 2687 616 2723 rs.
636 2687 662 2738 7.
679 2671 707 2720 in
723 2669 803 2720 Poet.
821 2668 871 2720 lat.
885 2666 920 2720 T.
936 2665 984 2719 111.
1001 2685 1030 2737 p.
1046 2668 1107 2722 aas.
1125 2668 1238 2724 laetitia

128 2765 203 2808 stat:
222 2767 278 2808 tum
295 2776 337 2825 ap.
354 2758 394 2808 Μ.
411 2757 515 2814 Victor.
533 2757 600 2810 Sool·
621 2757 758 2808 Graevius.

197 2841 293 2912 6-9.
310 2843 338 2896 in
356 2843 426 2911 Opp.
445 2843 534 2896 Bedae
552 2841 639 2899 T.11.
672 2843 716 2896 De
737 2851 886 2911 temporum
902 2841 1019 2909 ratione,
1040 2843 1068 2897 in
1085 2842 1187 2894 Glossis
1203 2843 1237 2896 sd

128 2945 187 2998 cap.
203 2929 248 2984 52.
264 2948 324 2999 pag.
345 2931 403 2984 153.
422 2932 467 2993 ed.
484 2930 641 2999 Herragian.
658 2949 682 2984 a.
703 2931 778 2984 1565.
815 2929 850 2980 do
867 2930 941 2982 zonis
957 2928 1044 2984 Varro
1060 2929 1098 2983 ita
1115 2929 1194 2983 dicits

291 3018 327 3068 Et
344 3019 457 3087 quinquo
474 3017 607 3071 aetherius
625 3017 697 3070 sonis
714 3016 857 3084 aoomgitur
874 3016 955 3084 orbis,

290 3125 320 3160 ao
335 3115 433 3158 vastant
447 3106 511 3158 imas
527 3106 638 3176 hyemes
655 3108 819 3173 mediamque
837 3101 944 3156 caloris:

290 3196 330 3249 sic
345 3204 434 3248 terras
453 3204 581 3249 extremas
598 3193 668 3246 inter
684 3194 847 3264 mediamque
867 3192 998 3259 coluntur,

290 3303 368 3356 quarn
384 3285 446 3338 solis
463 3283 550 3338 ualido
567 3300 707 3352 numquam
723 3293 754 3336 ut
771 3285 871 3337 auferat
886 3279 959 3349 igue.

125 3374 211 3428 Porro
227 3374 255 3428 in
271 3373 413 3428 Salomonis
430 3373 548 3444 episcopi
566 3372 773 3426 Constaucieusis
789 3369 915 3444 glossario
931 3387 954 3422 s.
972 3385 999 3423 r.
1016 3388 1101 3442 zona,
1122 3379 1151 3428 et
1165 3372 1235 3444 apud

125 3462 256 3517 Isidorum
273 3465 307 3516 de
323 3473 376 3518 nat.
393 3482 483 3518 rerum
501 3481 526 3516 c.
546 3479 587 3516 ro.

191 3560 218 3613 6.
237 3574 267 3616 et
281 3564 409 3636 quinque]
427 3575 459 3618 at
476 3558 809 3634 quinquemlgo,1sidor.
828 3579 847 3614 a
864 3558 981 3631 quinque
997 3556 1095 3635 Salem.

232 3651 379 3721 aetherius]
395 3653 519 3721 Isidorus,
535 3651 618 3719 Beda,
634 3649 761 3705 Pithoeus
777 3651 855 3720 prob.
875 3649 908 3703 Β.
925 3646 999 3703 Add.
1018 3648 1053 3702 Τ.
1069 3645 1107 3703 II·
1124 3666 1153 3720 p.
1171 3647 1231 3723 697.

126 3736 255 3791 aetheriis
272 3741 362 3810 vulgo.

240 3826 404 3900 accingitur]
421 3832 571 3904 incingitur
587 3831 701 3883 Tollius.

194 3933 220 3986 7.
238 3936 272 3970 ac
288 3921 414 3990 uastant]
432 3932 465 3973 at
480 3931 594 3974 castam
611 3937 644 3973 ex
661 3919 751 3972 Bedne
770 3918 837 3972 edit.
856 3917 952 3970 Calon.
970 3933 994 3968 a.
1014 3911 1091 3985 1617.
1109 3915 1214 3970 citatur.

191 4033 218 4086 9.
238 4035 293 4087 qua
310 4019 388 4087 solis]
413 4037 495 4090 quam
511 4018 578 4071 solis
594 4018 687 4071 valido
704 4035 843 4090 nunquam
859 4018 903 4072 rn‘s
919 4024 1036 4069 auxerat
1058 4016 1120 4086 igne
1142 4013 1231 4066 Isido-
1305 4015 1306 4022 ’

124 4119 177 4156 rus·
196 4124 279 4175 quam
295 4107 361 4160 solia
377 4107 471 4162 aalide
488 4123 634 4176 numquam
648 4109 691 4161 vis
708 4106 821 4176 auferat
837 4109 900 4179 igne
914 4105 1054 4158 Pithoeus.
1090 4121 1171 4172 quam
1183 4119 1230 4154 so-

123 4191 160 4246 lis
176 4195 268 4248 aalide
284 4216 432 4268 numquam
454 4199 565 4249 adserat
587 4197 664 4267 ignes
679 4194 822 4262 Salomonis
845 4195 962 4248 Glossur·
997 4189 1153 4258 Legendum
1177 4197 1230 4241 est:

124 4295 193 4348 quas
216 4281 283 4339 solis
304 4285 399 4343 aalide
424 4301 570 4353 numquam
592 4285 636 4337 vie
658 4293 764 4336 atterat
784 4284 856 4355 igue.
900 4281 1027 4348 Scaligeri
1052 4278 1120 4330 enim
1142 4276 1231 4342 lectio,

125 4382 192 4434 quse
203 4369 230 4422 in
240 4358 367 4430 contextis
378 4373 484 4444 legitur,
494 4371 570 4428 nimis
582 4389 598 4428 a
608 4389 669 4426 mas.
682 4372 802 4429 discedit.
837 4371 995 4433 ¹Wiillnerus
1005 4376 1059 4418 tres
1071 4365 1232 4422 coniecturas

157 4464 208 4521 An·
226 4470 261 4524 Τ.
279 4475 305 4529 1.
1005 4452 1028 4516 3
