3000 4820
568 207 857 344 'A'

633 434 719 507 442.

570 542 722 608 Iulian
729 563 753 606 u
760 565 788 606 s.

213 648 278 712 Hic
299 647 368 712 data
388 644 530 732 Virgilio
548 645 692 730 requies,
714 645 768 730 qui
789 646 933 710 carmine
953 647 1039 712 dulci

257 753 298 816 Et
318 751 404 816 Pana
425 763 456 816 et
476 762 593 836 segetes
614 763 646 814 et
662 745 732 812 fere
759 747 843 814 bella
865 751 957 816 canit.

638 894 722 967 443.

567 1001 793 1068 Hilnsius.

210 1119 355 1185 Pastores
376 1115 493 1198 cecini,
516 1115 611 1182 docui
632 1116 685 1203 qui
708 1118 807 1182 cultus
828 1115 861 1182 in
881 1118 975 1204 agris,

249 1223 373 1291 Praelie
394 1221 557 1332 descripsi.
599 1222 761 1309 contegor
781 1221 842 1286 hoc
864 1223 999 1290 tumulo.

631 1365 717 1440 444.

501 1473 504 1481 ’
549 1475 799 1542 Palladius.

209 1594 363 1659 Conditus
383 1593 437 1660 hic
458 1616 517 1681 ego
540 1612 633 1673 sum,
667 1588 754 1652 cuius
773 1588 874 1653 modo
896 1590 1010 1654 rustica
1031 1590 1124 1656 Musa
1235 1612 1238 1622 ¹

250 1696 313 1762 Per
333 1698 449 1783 silvas,
475 1720 534 1788 per
554 1718 609 1760 rus
630 1691 720 1759 venit
740 1693 779 1755 ad
800 1714 891 1756 arma
910 1693 1032 1761 virum.

354 1887 445 1960 XII.
470 1882 777 1957 scholasticorum
798 1881 999 1957 Poetarum

249 2003 489 2069 carmina
528 1999 584 2065 de
628 1995 837 2062 ratione
874 1997 1099 2068 tabulae.

446 2113 546 2170 Versus
563 2111 637 2166 senis
653 2109 742 2164 verbis
760 2119 787 2162 et
805 2111 909 2169 litteris.
998 2113 1001 2125 '

628 2240 715 2316 445.

551 2349 800 2420 Palladius.

205 2471 326 2561 Sperne
345 2471 488 2537 lucrum:
517 2477 626 2534 versat
650 2477 773 2532 mentes
793 2489 910 2533 vesana
930 2467 1041 2535 libido.

515 2712 835 2809 Asclepiadins.

203 2839 327 2904 Fraude
351 2851 453 2905 curete
473 2859 604 2924 graves,
625 2835 731 2922 ignari
754 2835 854 2902 cedite
875 2837 985 2906 doctis.

628 2979 713 3053 447·

528 3089 811 3157 Eusthenius.

202 3205 318 3295 Lusuri
340 3226 492 3273 nummos
516 3201 642 3269 animos
663 3227 789 3292 quoque
810 3225 930 3292 ponere
950 3203 1074 3272 debent.

625 3348 709 3425 448.

515 3459 549 3524 P
556 3461 694 3550 ompei
701 3484 818 3528 nnus.

199 3578 298 3644 Irasci
319 3578 418 3642 victos
438 3574 577 3642 minime
595 3577 716 3666 placet,
744 3576 865 3666 optime
884 3573 993 3643 frater.

622 3726 730 3818 449..

508 3834 814 3902 Maximianus.

197 3949 316 4017 Ludite
336 3950 456 4035 securi,
478 3951 589 4038 quibus
610 3974 662 4020 ees
683 3965 729 4018 est
746 3971 875 4039 semper
894 3947 930 4014 in
951 3967 1032 4014 arce

618 4097 705 4172 450.

574 4199 616 4272 V
617 4205 632 4271 ι’
639 4205 706 4272 tat
710 4205 726 4270 i
730 4228 759 4269 c.

196 4318 232 4384 Si
253 4320 322 4406 quis
342 4321 461 4386 hebens
478 4341 631 4388 nummos
651 4318 780 4404 venies,
800 4318 903 4388 exibis
924 4316 1038 4384 inanis.
