2944 4836
700 235 905 344 „sae-4

317 451 342 486 a.
359 432 466 500 Caesia]
485 431 663 500 aqna'ansia,
681 447 747 498 quae
765 431 791 481 in
808 429 913 481 Umbria
930 431 978 482 sita
992 439 1032 482 est
1050 430 1178 497 (Martini.
1195 431 1247 484 tx.
1265 433 1308 498 59.
1326 441 1353 482 et

248 520 307 574 vll.
326 521 381 592 97.)
404 541 418 573 a
434 523 514 574 Festo
537 519 647 589 primum
666 529 710 570 aut
732 519 885 570 carminibus
904 517 1093 580 celebrabatur,
1110 521 1181 571 unde
1198 521 1289 572 famam
1306 537 1354 570 ac-

248 620 351 680 ceperat
370 627 492 676 magnam,
510 617 553 659 aut
573 608 604 658 ab
623 624 656 658 eo
673 623 768 658 nomen
779 607 877 673 aceepit
893 607 996 656 Festum
1004 605 1140 673 Avienarn,
1158 609 1231 676 quod
1246 608 1353 675 antiqua

247 700 339 752 Caesia
357 715 405 767 per
423 713 482 747 enm
498 696 636 746 instaurata
654 705 693 746 est
709 695 754 745 rel
777 694 955 762 aquaeductus
972 693 1228 752 noviterxiustructus
1246 703 1274 744 et
1290 711 1353 744 mu-

246 787 315 839 nitus
330 786 363 838 ad
380 801 454 836 usum
470 784 614 850 publicum.
648 781 768 833 Innititur
785 781 853 833 haec
869 781 959 849 opinio
975 780 1152 836 Wernsdorfii
1173 784 1200 836 in
1217 773 1352 850 epigram-

246 883 323 940 mate,
341 873 413 942 quod
428 871 510 924 Anth.
526 871 573 923 111.
592 871 636 922 46.
653 870 761 936 legitur.

407 959 531 1012 FAVsra
545 976 641 1011 novum
659 958 756 1008 domini
774 957 886 1009 condens
903 957 1019 1009 Fortuna
1035 959 1163 1010 lavacrum
1240 988 1243 993 ·

468 1047 560 1100 invitat
574 1050 656 1099 fessos
673 1047 725 1100 huc
740 1063 885 1114 properare
901 1047 983 1102 viros.

406 1137 704 1188 wensiestonam
719 1153 815 1189 ¹uersus
827 1135 982 1204 primordia
999 1151 1103 1197 nomen,

388 1286 390 1292 y
470 1232 657 1292 auctoremque
667 1223 747 1293 facit
762 1224 844 1275 litera
857 1223 951 1291 prime
966 1224 1031 1292 legi.
1166 1290 1169 1296 Ι

244 1309 313 1375 Quia
329 1307 435 1360 ultimm
451 1326 540 1360 versus
556 1313 714 1376 pronuntiat,
730 1312 834 1362 literam
851 1309 958 1377 primam
977 1310 1120 1376 siguificare
1137 1318 1282 1374 auctorem,
1301 1305 1345 1360 hic

242 1398 326 1449 tribus
342 1396 426 1449 literis
442 1397 573 1464 prioribus
588 1400 671 1454 FAV
684 1413 834 1466 expressum
849 1397 955 1448 videtur
972 1415 1068 1450 nornen
1083 1397 1157 1448 Festi
1172 1397 1278 1449 Avieni.

309 1489 336 1540 5.
353 1484 465 1552 Nortia]
482 1484 583 1549 Nortia,
597 1485 773 1539 Eeuscorum.
786 1483 847 1549 dea,
865 1484 991 1538 Vulsiniis
1002 1487 1128 1554 templum
1138 1485 1264 1538 habebat.
1279 1482 1342 1534 Lis.

242 1573 302 1628 Vll.
319 1574 346 1626 5.
364 1571 480 1627 Tertull.
499 1574 614 1643 Apolog.
633 1591 657 1626 c.
675 1573 719 1626 24.
753 1571 897 1626 Haecdea'
908 1584 1010 1641 pareat
1018 1576 1195 1639 Romanorum
1211 1574 1343 1626 Fmtunae
1454 1577 1455 1584 ’

242 1664 286 1715 vel
303 1662 420 1718 Nemesi.
455 1662 517 1738 Vid.
536 1665 571 1714 Ο.
588 1663 697 1717 Miiller.
712 1661 755 1712 De
772 1659 891 1713 Etruscis
909 1660 942 1712 Τ.
958 1662 992 1714 11.
1010 1680 1036 1732 p.
1055 1663 1097 1734 64.

306 1753 334 1804 4.
346 1741 526 1820 proconsulis]
544 1752 697 1820 colligimus
716 1767 749 1802 ex
763 1749 932 1818 inscriptione
949 1743 1049 1818 graeca,
1065 1769 1128 1820 qnae
1145 1749 1215 1818 apud
1227 1748 1342 1800 Gruter.

240 1861 268 1912 p.
285 1840 345 1894 464.
363 1857 390 1890 u·
407 1857 432 1908 7.
448 1850 532 1908 estat,
559 1851 667 1892 statuam
685 1838 746 1888 Rufi
762 1837 833 1888 Festi
851 1841 1015 1906 proconsulis
1031 1841 1156 1904 &asciae
1173 1847 1202 1888 et
1216 1837 1341 1904 Areopa-

238 1932 307 1998 gitae
324 1913 495 1980 Athenienses
523 1928 630 1996 publice
654 1927 779 1978 erexisse.
812 1925 887 1978 Haec
909 1927 1043 1995 inscriptio
1068 1927 1100 1978 nd
1117 1927 1216 1978 Rufum
1229 1926 1341 1978 Festum

238 2019 367 2073 Avienum
383 2017 475 2068 referri
492 2024 587 2083 potest,
604 2016 663 2083 quia
680 2017 708 2068 in
723 2015 817 2074 Avieni
834 2015 969 2082 l’eriegesi
986 2015 1063 2066 huius
1078 2013 1274 2083 proconsulatus
1289 2031 1341 2065 ve-

173 2145 177 2162 ,
237 2106 312 2173 stigia
328 2113 451 2172 apparent
466 2103 504 2171 (r.
521 2103 642 2157 Wernsd.
658 2105 678 2155 l.
697 2104 755 2173 l.p.
768 2105 817 2173 a.).
851 2104 972 2156 Alterum
988 2106 1197 2172 proconsulatum
1212 2103 1241 2154 in
1251 2103 1339 2166 Africa

236 2214 261 2246 a.
276 2193 327 2248 566
343 2201 372 2244 et
387 2191 447 2258 367.
466 2193 577 2258 gessisse
599 2209 658 2244 eum
683 2194 827 2262 suspicatur
843 2191 965 2245 Wernsd.
1001 2192 1116 2244 Avienus
1139 2192 1210 2246 euim
1231 2200 1336 2267 tempo-

235 2283 307 2334 ribus
324 2279 507 2341 Valentiniani,
522 2278 656 2344 Valeutis,
674 2279 807 2344 Gratiani,
823 2283 933 2332 fortasse
950 2280 1000 2332 iam
1017 2280 1065 2332 sub
1085 2279 1237 2332 comanus
1252 2279 1335 2332 Iulis·

234 2386 319 2438 noque
335 2367 432 2430 floruit,
449 2376 477 2418 et
493 2368 607 2435 aequalis
624 2377 679 2419 erat
695 2367 851 2437 Symmachi.

300 2457 325 2508 5.
344 2454 477 2522 carmina]
500 2463 530 2505 ut
554 2441 730 2524 Metaphrasiu
752 2456 825 2507 Arati
850 2467 878 2508 et
899 2456 1227 2532 Periegeseospionysih
1250 2459 1334 2510 Oram

233 2544 402 2606 Maritimam,
423 2539 530 2608 Virgilii
552 2543 680 2609 Fabulas,
705 2544 777 2596 Livii
793 2544 923 2596 Historias
948 2547 975 2597 in
992 2546 1093 2600 iambos
1115 2548 1236 2600 redscm·
1268 2544 1331 2598 Atta

232 2641 294 2685 suut
310 2632 419 2682 incerta.
455 2630 531 2682 Cous.
551 2630 676 2685 Werusd.
694 2633 714 2684 1.
732 2633 752 2684 l.
769 2650 797 2701 p.
815 2636 944 2698 29-52.

299 2719 325 2772 6.
342 2715 486 2784 Placidee]
503 2717 564 2769 hinc
580 2721 651 2772 lilius
668 2721 724 2772 eius
741 2720 862 2772 Placidus
879 2723 973 2774 dietus.
992 2722 1077 2775 Anah.
1095 2721 1143 2776 IV.
1160 2725 1219 2776 Sto.

298 2825 324 2876 7.
340 2807 425 2860 vivas
440 2805 477 2872 et]
493 2805 513 2856 i.
532 2825 557 2876 e.
575 2807 654 2859 liberi
669 2809 769 2876 longum
787 2808 864 2861 vitam
882 2812 1046 2878 promittunt.
1064 2813 1148 2864 vim
1164 2815 1201 2866 sit
1217 2813 1249 2864 Β.

282 2943 289 2954 .,
297 2896 324 2948 8.
342 2891 498 2962 composito]
517 2911 576 2946 cum
588 2897 684 2964 posita
704 2895 809 2962 Higtius
825 2897 896 2954 Add.
917 2898 951 2951 T.
969 2899 1004 2954 Π.
1023 2918 1050 2967 p.
1071 2901 1129 2969 708.
1205 2949 1206 2952 ,

738 3129 820 3212 279·

293 3279 373 3342 Anthi
402 3283 449 3333 111.
474 3281 517 3334 58.
558 3279 707 3333 Flavianum
736 3281 909 3352 Myrmecium
939 3287 1052 3354 cognatis
1079 3285 1176 3342 Avieni
1204 3303 1329 3346 accenset

227 3363 351 3434 Werusd.
374 3366 407 3424 T.
429 3367 464 3420 V.
488 3387 515 3437 p.
533 3368 575 3423 at.
600 3370 661 3421 coll.
681 3371 741 3424 514.
776 3369 935 3440 Myrmecius
956 3385 1065 3428 vocatur
1087 3386 1130 3428 aut
1153 3377 1329 3451 aillyrmece,

216 3454 306 3505 ‘insula
327 3452 447 3520 Africae,
473 3465 517 3506 aut
541 3458 737 3526 aMyrmecio,
762 3459 862 3526 oppido
880 3459 1008 3516 Tauricae
1024 3466 1184 3534 peninsulae.
1220 3469 1329 3522 Patrem

223 3541 304 3594 hahet
321 3543 356 3610 Q.
376 3543 497 3595 Clodium
513 3545 666 3596 Flavianum
687 3547 870 3614 proconsulem
892 3551 996 3603 Africae
1020 3572 1043 3604 a.
1068 3551 1143 3621 357„
1167 3565 1193 3606 et
1212 3555 1329 3609 trinarius

210 3638 278 3681 serat
294 3628 398 3682 Africae
415 3649 465 3682 nec
480 3651 534 3684 non
550 3635 695 3700 praefectus
714 3645 798 3702 praet.
825 3628 936 3706 lllyrici
944 3651 971 3691 et
986 3642 1074 3696 Italiae
1097 3660 1148 3714 per
1170 3663 1247 3696 annos
1270 3645 1329 3698 XII

221 3719 269 3770 sub
293 3717 447 3771 Theodosio
469 3720 566 3787 primo.
607 3720 689 3772 Liber
717 3723 846 3775 secundus
865 3725 1043 3793 Epistolarum
1064 3731 1210 3802 Symmachi
1236 3735 1327 3788 eidem

222 3805 347 3860 Flaviano
365 3815 407 3856 est
423 3807 573 3874 inscriptus.

291 3907 313 3942 ι.
331 3893 447 3962 Poenus]
465 3900 512 3950 int.
528 3906 607 3948 nauta
624 3901 680 3951 sive
696 3889 834 3952 mercator.

286 3981 311 4032 5.
330 3980 419 4048 vecta]
436 3984 544 4034 invecta
560 3985 652 4039 Heius.
754 4015 755 4020 =

286 4068 311 4118 4.
331 4067 445 4136 relaxes]
462 4069 481 4118 i.
500 4087 525 4120 e.
543 4071 639 4140 largire
655 4075 731 4127 nobis
745 4075 847 4143 aliquot
863 4078 896 4129 ad
913 4082 1078 4144 gustandum.

287 4171 311 4224 7.
330 4154 529 4225 Romuleaeque
543 4161 646 4226 Phari]
663 4160 792 4214 Romulea
809 4164 903 4231 pharos
919 4178 960 4220 est
977 4169 1088 4237 Pharus,
1106 4181 1197 4239 portus
1210 4173 1328 4228 Ostien-

219 4242 265 4304 sis,
295 4244 326 4294 ab
348 4246 464 4296 quenali
485 4243 622 4312 Tyrrhena
644 4245 744 4302 Pharos
768 4251 847 4302 dicta.
881 4256 1061 4327 Romuleique
1086 4261 1175 4312 Phari
1196 4260 1270 4313 Pith.
1292 4279 1325 4312 v.

218 4324 372 4380 Schneider.
390 4332 424 4381 L.
442 4333 490 4383 Gr·
508 4349 535 4400 p.
551 4333 594 4386 53·
620 4333 796 4405 Romuleique
806 4339 869 4408 sori
887 4341 1012 4395 Oudend.
1029 4343 1083 4413 (i).
