2994 4828
784 253 833 322 10

706 335 911 353 *ιιι-..ια

258 440 392 496 Turnebe
412 443 478 496 diae
492 437 644 510 Mitylenae
665 448 721 505 eet,
739 447 837 510 pecten
853 453 971 509 aperque
987 439 1064 509 apati
1077 437 1244 496 Ambraciae
1261 462 1362 502 mm

259 530 383 584 cannuba
402 528 554 598 Mitylenae
573 538 612 581 eet
630 539 727 600 pecten
748 545 896 601 capraeque
918 530 994 598 apud
1011 525 1229 584 Ambraeieneee.
1254 533 1363 604 saliga

257 617 376 690 Mitylue
392 627 420 672 et
436 628 532 688 peeten
555 619 755 688 charadrueque
776 618 853 688 apud
866 615 1030 670 Ambraciae
1047 633 1150 686 amnes,
1173 628 1202 672 et
1217 620 1255 676 aio
1271 625 1362 692 vulgo.
1477 659 1482 668 ·

256 707 316 776 Ego
332 707 451 760 Selmeeii
469 717 497 759 et
511 707 643 760 Bouchae
659 707 786 759 rationem
803 708 936 775 amplexae
952 723 1024 770 eum,
1044 706 1073 757 in
1095 723 1129 758 eo
1151 715 1254 762 tantum
1272 713 1361 766 diece-

258 799 332 863 dene,
348 797 420 865 quod
434 797 585 866 Mytilenae
598 795 704 863 ecripei,
719 813 773 847 uon
788 795 949 865 Mitylenae.
984 793 1126 846 columnae
1141 797 1193 849 Bet
1208 799 1361 869 Mitylenae

253 896 351 958 pecten
373 902 490 955 aperque
512 887 588 956 apud
607 883 772 938 Ambraciae
794 901 915 950 amnem,
944 901 1021 952 quent
1045 893 1150 936 secutus
1172 897 1214 938 eet
1234 886 1360 942 wemsd.

255 971 393 1028 Salmasius
410 973 572 1026 charadrurn
587 971 747 1026 Ambraeia'i
761 989 811 1040 pro
827 974 885 1025 einu
901 972 1041 1026 Ambracio
1057 972 1173 1040 positum
1191 975 1263 1028 dicit.

324 1063 351 1114 4.
367 1060 527 1129 Brundusii]
543 1059 596 1113 hoe
610 1077 690 1112 neren
705 1070 874 1130 praeceptam
890 1061 1072 1114 Bentleiannm
1094 1061 1127 1114 de
1149 1063 1261 1131 simplici
1277 1062 1291 1112 i
1309 1081 1359 1130 ge-

254 1151 333 1206 nitivi
349 1149 565 1204 substantivorum
587 1149 616 1201 in
641 1150 685 1202 iue
701 1158 729 1201 et
744 1152 801 1202 inne
819 1150 990 1202 desinentium
1010 1150 1178 1219 labeiaonti,
1197 1149 1358 1218 Foebigerue

255 1243 290 1298 ad
304 1240 422 1294 Lucretii
439 1239 574 1309 eeopnlum
591 1238 790 1292 eelebenimum
806 1240 834 1292 in
849 1241 897 1292 lib.
913 1237 949 1305 V,
967 1239 1042 1294 1004.

474 1327 611 1398 'inproba
627 1329 735 1399 nauigii
750 1330 824 1381 ratio
841 1339 899 1380 turn
915 1343 997 1380 eaeta
1013 1324 1121 1380 iacebat

257 1417 401 1474 annotavit.
432 1417 473 1470 Ae
496 1426 576 1470 totam
592 1417 710 1469 Bentleii
728 1416 936 1470 observationem
957 1415 1076 1469 fallacem
1093 1435 1150 1470 esee
1166 1417 1295 1472 iudicarat
1308 1417 1357 1474 Itu.

255 1507 407 1562 Euechkiun
422 1506 450 1558 in
465 1506 576 1560 Dieeert.
598 1507 633 1558 de
650 1506 681 1561 C.
705 1505 793 1558 Annio
815 1504 923 1557 cimbro
939 1521 967 1573 p.
984 1505 1027 1558 45.
1066 1506 1119 1558 Sed
1140 1509 1220 1560 fidem
1240 1507 1358 1560 restituit

254 1598 382 1651 labantem
398 1595 574 1648 Suerdeioeue
589 1599 617 1650 in
630 1597 765 1652 Vindiciie
779 1593 1094 1664 PraeceptiBentleiani,
1110 1615 1171 1665 quae
1188 1599 1222 1649 de
1234 1596 1356 1668 genitive

257 1688 486 1741 eubetentieerurn
503 1687 532 1736 in
549 1686 606 1738 iue
623 1687 736 1739 etium
758 1687 937 1738 desinentium
958 1703 983 1740 a.
1010 1686 1083 1738 1832.
1100 1683 1181 1753 Rigae
1199 1695 1226 1737 et
1242 1680 1356 1750 Dorpati

257 1778 353 1830 edidit.
385 1777 412 1828 le
429 1791 547 1839 renum,
565 1791 642 1843 quem
657 1784 809 1842 tractamus,
830 1773 929 1843 optime
953 1772 1072 1826 emendat
1087 1775 1240 1826 Brundusio
1256 1787 1357 1841 eargue

255 1865 339 1920 bonne
356 1874 403 1930 eet,
421 1881 567 1930 comparans
582 1862 681 1917 Lucilii
696 1867 864 1934 fragmentum
881 1860 952 1933 apud
967 1863 1075 1914 Festum
1091 1878 1117 1913 v.
1138 1880 1251 1934 eargue:
1275 1877 1357 1930 queen

250 1954 411 2028 praeclarae
427 1949 531 2021 nelops,
547 1955 679 2022 quemAe
684 1974 704 2026 g
707 1972 729 2024 y
731 1964 798 2025 pto
815 1970 912 2025 eargue
928 1951 1053 2020 movebit,
1070 1961 1099 2004 et
1113 1951 1200 2004 Plaut.
1216 1953 1302 2008 Mero.
1318 1953 1356 2019 V,

255 2063 282 2111 a,
299 2059 342 2112 99.
358 2040 434 2096 uideo
452 2039 490 2091 ibi
506 2040 637 2110 hospitem
644 2043 794 2112 Zacyntho.
826 2042 886 2095 Nec
903 2042 980 2096 aliter
996 2042 1026 2094 in
1043 2042 1127 2110 primo
1143 2041 1220 2094 huius
1236 2043 1356 2094 carmini·

253 2151 332 2188 vereu
349 2129 448 2199 clupea
465 2127 630 2197 intelligitur.
651 2126 695 2182 Jo.
712 2129 771 2183 Vel.
787 2130 926 2185 Franckiue
947 2131 1059 2184 coniecit
1074 2132 1206 2183 Brundisi
1227 2132 1355 2200 producta

253 2222 355 2292 eyllaba
370 2217 518 2288 penultima,
534 2215 695 2270 Graecorum
710 2214 873 2287 Bpeeirieeou
890 2220 1026 2274 edrooeue.
1058 2217 1133 2270 Hane
1155 2236 1205 2287 ego
1226 2221 1354 2274 rationem

252 2311 337 2368 minue
353 2308 457 2376 probo.
745 2357 746 2360 ,

286 2413 402 2468 nagreae
417 2395 470 2447 erit
487 2393 522 2461 ee]
541 2392 722 2448 Archeetratue
741 2393 812 2462 apud
828 2393 993 2447 Athenaeum
1010 2394 1071 2465 Vn,
1090 2414 1149 2469 ¹¹7·
1166 2417 1193 2470 p.
1210 2415 1272 2469 7⁰¹·

454 2481 539 2552 τῆμος
556 2483 625 2552 ἔχειν
638 2477 725 2537 ineie
740 2478 840 2550 σαργόν
855 2479 927 2549 eupqi
943 2478 1126 2554 κατάπαστον,

453 2568 593 2642 εὐμεγέθη,
608 2567 723 2640 θερμδν,
741 2565 833 2639 δριμεῖ
847 2565 1018 2642 δεδαϊγμένον
1034 2568 1105 2638 ὄξει·

454 2659 564 2730 eelnpit
577 2658 628 2734 yip
644 2658 719 2730 aieee
735 2657 819 2714 iente.

317 2751 343 2805 5.
365 2751 508 2820 eprielum]
530 2751 608 2821 pieoie
632 2751 763 2821 apriculue
787 2747 816 2801 in
838 2746 932 2800 eadem
953 2745 1061 2817 Apuleii
1082 2749 1214 2819 Apologia
1237 2770 1267 2822 p.
1293 2752 1354 2822 475.

250 2840 277 2893 la
314 2849 384 2895 atur.

278 2836 343 2982 uiiti.
359 2929 503 2982 Surrentid
518 2927 599 2981 Salen
615 2927 741 2980 Surrenti
756 2924 861 2994 telepen
870 2923 999 2994 sacenae
1012 2925 1052 2998 gl.
1074 2930 1150 2998 apud
1165 2932 1263 2984 Cumae
1285 2933 1354 3002 quid

249 3035 297 3072 tue.
313 3018 385 3070 Flor.
403 3019 527 3070 Surrilia
544 3017 622 3088 elopi
633 3043 669 3056 -·
683 3017 760 3087 apud
776 3017 876 3067 Cuma
891 3015 959 3084 quid
973 3032 1021 3069 me.
1038 3015 1110 3068 Pith.
1135 3020 1261 3071 Surritid
1278 3019 1356 3090 elopi'

242 3107 376 3179 secernat
394 3107 517 3158 elaucum
533 3109 610 3176 apud
623 3111 722 3160 Cumae
739 3107 807 3178 quid
821 3123 869 3156 me.
882 3103 969 3160 Dore.
984 3133 1020 3144 -
1031 3106 1070 3155 od
1077 3107 1174 3158 Cumae
1186 3105 1264 3158 Salm.
1276 3109 1354 3176 apud

248 3199 276 3250 0.
293 3214 352 3250 mae.
368 3193 485 3246 Boeeohe
502 3196 578 3264 apud
593 3196 697 3248 aliunde
713 3196 838 3249 insertum
856 3202 884 3245 et
899 3193 1042 3260 legendum
1062 3203 1138 3262 putat
1152 3194 1281 3266 glaucum
1296 3199 1351 3248 Gu-

248 3286 309 3337 mie.
322 3283 395 3352 Quid
402 3291 452 3336 etc.
458 3309 496 3322 ·-
498 3282 556 3352 fec.
563 3283 677 3336 Boeecha
684 3284 769 3336 edidit
771 3281 850 3352 face,
858 3300 891 3334 ne
903 3293 993 3335 contra
1004 3283 1119 3352 regulam
1129 3286 1350 3350 grnnmetioorum

241 3372 296 3445 fae
315 3373 509 3438 ooniperetur3
535 3374 583 3426 aed
598 3375 688 3444 regula
702 3373 753 3426 ieta
769 3372 832 3424 false
849 3379 896 3438 eet,
913 3380 945 3422 ut
959 3381 1066 3440 praeter
1080 3373 1145 3424 alios
1162 3368 1352 3426 Ran'ehorniue

247 3459 342 3516 docuit
356 3459 416 3512 Lat.
425 3458 474 3514 Gr.
491 3478 519 3530 p.
538 3462 613 3516 1042.
1039 3438 1045 3457 ι

314 3583 339 3636 9.
366 3565 543 3634 melanurum]
561 3566 732 3635 Stheneleius,
757 3583 791 3620 ne
808 3574 955 3634 anapaestus
977 3569 1005 3619 in
1025 3568 1111 3637 primo
1133 3569 1236 3624 heroici
1257 3587 1350 3624 verene

245 3657 316 3730 pede
331 3657 376 3722 eit,
392 3657 507 3711 correxit
1181 3665 1185 3674 ’

360 3755 418 3798 turn
435 3749 555 3812 turdum,
571 3745 709 3811 merulam,
727 3742 896 3798 melanururn
912 3745 1087 3820 umbramque
1103 3751 1239 3803 marinam

243 3838 273 3892 in
288 3835 358 3890 Add.
375 3834 411 3891 T.
427 3834 448 3886 Ι.
471 3853 498 3903 p.
520 3837 579 3904 744.
596 3834 652 3886 Sed
672 3851 749 3903 eupra
769 3834 796 3886 iu
822 3836 903 3886 tertio
926 3851 1031 3904 quoque
1053 3855 1132 3890 versu
1155 3837 1187 3888 ab
1211 3842 1348 3903 anapaesto

243 3924 395 3997 Mytilenae
411 3923 477 3974 ordo
494 3922 587 3990 incipit
603 3923 710 3990 pedum.
745 3922 804 3974 Neo
820 3922 985 3976 Hermunnue
1001 3926 1029 3978 in
1046 3926 1132 3978 Elem.
1147 3926 1227 3978 Mete.
1242 3943 1270 3992 p.
1287 3923 1347 3991 547.

242 4015 295 4070 hoo
312 4012 369 4065 fieri
385 4018 469 4077 negat,
485 4010 620 4080 ipeumque
636 4011 706 4066 huno
721 4029 824 4064 vertum
840 4029 890 4081 pro
908 4014 1029 4084 exemplo
1048 4017 1106 4067 eius
1121 4015 1161 4068 rei
1177 4012 1275 4067 attulit.
1289 4009 1349 4064 Ac-

242 4105 315 4168 eedit
330 4099 456 4154 Boeechn.

311 4229 352 4269 to.
366 4208 496 4284 polypu’]
512 4207 697 4262 Archeetratue
713 4211 782 4280 apud
798 4211 928 4266 Athenae.
945 4210 1004 4274 vn,
1023 4227 1080 4279 ¹07·
1099 4227 1128 4278 p.
1145 4207 1206 4282 695.

404 4289 537 4354 noilunee
553 4298 583 4352 l'e
598 4317 626 4351 te
642 4297 718 4368 Θάσῳ
735 4309 779 4355 uel
795 4304 886 4370 Καρίᾳ
901 4293 966 4354 eiele
982 4297 1099 4369 ἄριστοι,

403 4397 448 4444 nel
464 4383 588 4459 Kenaion
604 4390 695 4459 epioe·
710 4383 836 4460 μεγάλους
850 4385 965 4446 nolluit
979 4407 1011 4444 ee
1026 4384 1060 4443 ei
1077 4384 1194 4459 relidat·
