3002 4816
734 246 807 315 200

308 431 349 496 In
368 429 531 514 flammas,
553 452 627 517 quas
649 432 737 498 Diva
758 443 887 513 movet3
907 432 972 497 iam
994 431 1141 518 languida
1160 429 1258 498 fessos

308 535 404 600 Forte
424 535 511 621 quies
533 535 648 612 Martis
669 537 798 602 tandem
819 549 1047 624 compresserat
1064 539 1159 602 artus·
1255 601 1257 604 a

226 640 514 715 1taNontamen
536 641 641 708 omnis
663 663 772 724 amor,
797 655 864 705 uon
885 640 991 704 omnis
1016 653 1142 728 pectore
1162 641 1253 706 cessit

308 743 455 808 Flamma
479 744 545 824 dei,
572 745 668 809 trahit
688 745 722 810 in
742 746 850 810 medio
871 744 1006 832 suspiria
1025 768 1151 830 somno,

308 851 349 915 Et
371 847 532 913 Venerem
554 849 625 913 totis
647 851 853 936 pulmonibus
877 851 974 919 ardm'
993 851 1126 917 anhelat.

307 954 380 1041 Ipsa
400 951 509 1016 Venus
529 964 604 1016 tuuc
623 964 699 1018 tune
720 955 826 1030 calidis
848 976 997 1042 suspensa
1016 955 1148 1022 venenis
1221 945 1224 952 ¹

307 1056 421 1122 Uritur
443 1055 621 1140 ardescens,
643 1082 702 1124 neo
722 1060 848 1126 somnia
867 1071 956 1147 parta
977 1058 1104 1144 quiete(

228 1171 288 1238 120
310 1161 341 1228 Ο
363 1183 459 1247 quam
480 1159 595 1225 blanda
617 1163 720 1248 quies,
742 1188 762 1228 ο
784 1186 880 1250 quam
900 1162 981 1226 bene
1000 1175 1156 1250 presserat
1176 1175 1259 1229 artus

307 1265 420 1332 Nudos
441 1263 525 1330 forte
542 1271 657 1354 sopori
693 1265 807 1330 Niueis
827 1264 953 1330 suffulta
973 1267 1098 1332 lacertis
1130 1301 1132 1308 >

309 1373 401 1440 Colla
420 1370 536 1451 nitent,
559 1383 663 1458 pectus
684 1369 813 1458 gemino
835 1367 922 1453 quasi
942 1368 1046 1433 sidere
1065 1383 1175 1458 turget.

237 1507 249 1514 ‘
309 1477 387 1540 Non
408 1474 514 1539 omnis
534 1476 689 1564 resupina
701 1475 795 1554 iacet,
823 1471 877 1536 sed
899 1493 1034 1559 corpore
1053 1474 1139 1541 flexo

308 1578 467 1661 Molliter,
492 1591 522 1644 et
541 1580 675 1644 laterum
697 1599 812 1664 quase
833 1574 970 1640 confinia
991 1579 1144 1665 iungunt,

166 1665 170 1675 Ι
203 1679 204 1682 ¹
227 1692 289 1760 125
310 1682 451 1748 Martem
470 1685 641 1772 respiciens
663 1681 792 1771 deponit
814 1681 939 1745 lumina
958 1707 1085 1766 somn0,

311 1785 374 1850 Sed
396 1787 546 1874 gratiosa,
569 1789 693 1854 decens.
732 1789 797 1852 Pro
824 1787 903 1852 lucis
925 1785 1008 1852 forte
1028 1789 1155 1876 Cupido

309 1887 422 1957 Martis
441 1893 502 1959 tela
524 1914 652 1982 regens,
681 1915 758 1980 quae
778 1903 945 1980 postquam
964 1891 1087 1978 singula
1107 1894 1197 1976 vidit,
1214 1935 1216 1938 -

257 2051 259 2058 ,
308 1996 478 2077 Loricam,
500 2000 655 2090 clipeum,
677 1999 819 2084 gladium
840 1998 1008 2083 galeaeque
1026 1997 1165 2064 minaces

311 2101 428 2167 Cristas
448 2101 530 2166 flore
549 2105 641 2190 ligat,
663 2117 737 2170 tunc
758 2102 862 2164 hastae
882 2101 1024 2192 pondera
1046 2115 1149 2189 tentat,

197 2217 201 2236 ¹
227 2218 290 2283 130
310 2205 506 2292 Miraturque
530 2209 594 2272 suis
614 2221 737 2273 tantum
760 2205 885 2270 licuisse
904 2205 1031 2288 sagittis.
1144 2223 1147 2231 '

351 2313 422 2376 Iam
442 2311 589 2379 medium
611 2312 758 2376 Phoebus
779 2307 875 2373 radiis
896 2307 1076 2393 possederat
1096 2313 1220 2395 orbem,

309 2417 380 2480 lam
400 2414 529 2480 tumidis
551 2415 668 2480 calidus
692 2413 799 2500 spatiis
818 2411 991 2475 libraverat
1014 2413 1121 2492 horas,

310 2521 525 2584 Flammantes
545 2519 699 2584 retinebat
719 2537 826 2602 equos.
874 2514 963 2577 Proh
982 2517 1107 2580 conscia
1128 2517 1202 2584 sacti

310 2625 426 2689 Invida
444 2626 521 2690 luxi
546 2612 684 2689 Veneris
708 2619 762 2708 qui
783 2640 871 2704 nuno
887 2619 1066 2705 produntur
1089 2645 1214 2688 amores

227 2734 290 2805 135
310 2729 467 2812 Lumine,
486 2729 633 2811 Phoebe,
653 2730 723 2792 tuot
746 2726 833 2790 Stant
852 2721 934 2810 capti
954 2722 1058 2788 iudice
1079 2737 1164 2790 tanto

308 2833 414 2915 Mars,
436 2831 545 2898 Amo'r
566 2847 595 2898 et
615 2831 749 2922 Paphie,
775 2829 937 2914 ramisque
958 2828 1075 2893 inserta
1095 2832 1280 2898 tremiscunt

309 2939 466 3021 Lumina,
487 2961 547 3002 neo
567 2938 691 3002 crimen
713 2945 845 3023 possunt
865 2945 896 2997 te
916 2943 995 2995 teste
1016 2956 1142 3019 negare.

312 3043 446 3108 Viderat
467 3041 573 3106 effusis
596 3041 778 3107 Gradivum
800 3035 946 3102 Phoebus
970 3037 1101 3102 habenis

309 3147 349 3210 In
369 3146 493 3232 gremio
515 3131 656 3234 Paphiae¹
673 3145 847 3233 spirantem
867 3141 1015 3208 incendia
1036 3142 1165 3208 amoris.

228 3254 290 3323 140
311 3250 343 3314 Ο
363 3273 475 3314 rerum
494 3251 579 3316 male
598 3235 667 3314 tuta
683 3248 778 3330 fides,
803 3271 823 3311 ο
843 3245 956 3332 gaudia
976 3259 1007 3310 et
1026 3246 1103 3334 ipsis

311 3353 381 3418 Vix
400 3377 509 3418 secura
530 3354 612 3418 deisl
649 3353 717 3440 quis
738 3375 820 3433 uon,
850 3373 924 3413 cum
946 3351 1066 3437 Cypria
1092 3363 1221 3434 amaret,

312 3457 460 3521 Praeside
479 3458 536 3522 sub
559 3470 647 3524 tanto
670 3469 772 3522 tutum
792 3469 932 3544 speraret
953 3459 1121 3522 amorem?

314 3561 470 3626 Criminis
492 3565 678 3652 exemplum
699 3562 727 3626 si
754 3562 821 3626 iam
843 3561 882 3626 de
903 3560 1037 3626 numine
1056 3559 1219 3644 habemus,

313 3663 400 3750 Quid
421 3680 524 3754 speret
543 3668 687 3734 mortalis
708 3669 821 3733 amor?
843 3689 903 3752 qua
923 3687 1004 3730 voce
1025 3663 1165 3746 ferenda,

228 3774 292 3842 145
314 3768 411 3855 Quod
431 3793 552 3837 numen
573 3783 694 3860 poscat,
716 3796 778 3858 quo
800 3771 843 3835 sit
856 3793 999 3851 securus,
1021 3770 1166 3838 adulter?

313 3873 433 3960 Cypria
455 3889 555 3959 amat,
576 3899 635 3941 neo
654 3889 717 3941 tuta
738 3888 861 3957 tameu3
890 3874 1080 3963 compressit
1097 3875 1233 3940 habenas

312 3977 476 4061 Phoebus,
499 3992 529 4044 et
549 3983 588 4045 ad
609 3982 696 4046 lucos
716 3993 854 4062 tantum,
876 3993 969 4068 puto,
995 3979 1118 4048 lumina
1138 3980 1243 4062 vertit,

311 4083 357 4146 Et
376 4083 422 4144 sic
443 4105 539 4170 pauca
558 4082 679 4152 refert:¹
695 4085 814 4173 Sparge
834 4107 921 4150 nunc
940 4086 1016 4166 tela,
1044 4083 1182 4170 Cupido,

248 4249 252 4256 .
313 4189 409 4252 Nunc
428 4210 533 4270 nuuc,
554 4187 630 4254 diva
653 4191 781 4274 Venus,
807 4191 887 4255 natis
909 4189 1066 4277 divamve
1085 4185 1202 4272 sagittis

228 4305 291 4366 150
312 4291 363 4358 Da
385 4292 467 4358 mihi
487 4291 647 4376 solamen,
667 4294 725 4358 sub
745 4307 775 4358 te
795 4317 921 4362 securus
941 4292 1058 4356 amavi.
