2992 4826
772 239 823 313 70

235 442 258 512 5
301 433 410 522 Quam
429 426 538 522 superi
559 425 692 495 voluere
712 427 840 515 vinna,
867 427 953 498 mihi
974 427 1112 497 condere
1129 427 1264 503 famam.

301 539 408 610 Ausus
430 533 520 601 enim
539 532 676 623 incipio,
699 535 853 624 quoniam
873 545 925 602 tua
946 533 1029 603 iussa
1049 533 1191 626 fatigant,¹

299 645 467 732 Tempora
486 639 542 708 vel
561 662 715 708 numeros
736 640 916 708 verborum
935 649 969 706 et
986 655 1146 712 commata
1167 645 1286 733 verbis,

301 749 348 816 Ut
367 747 517 837 possum,
539 758 720 813 monstrare
739 747 840 833 meis,
860 746 935 814 licei
955 745 1017 811 alta
1036 746 1145 814 subire
1195 812 1198 820 ,

299 851 395 921 Mens
417 849 549 918 humilis
570 863 672 936 vetet,
700 865 732 918 et
751 877 802 923 res
823 851 958 919 metrica
977 848 1091 918 fonius
1112 868 1204 924 ariet-

237 971 281 1036 10
300 957 418 1048 Aptius
442 981 509 1023 esse
529 969 638 1025 tamen
658 954 806 1045 sonantes
827 957 910 1024 iussa
930 956 1068 1026 fatemur

300 1063 383 1134 Ana
401 1062 509 1132 subire
529 1062 646 1148 nimis,
668 1084 766 1150 quem
787 1085 870 1134 voce
889 1065 1062 1156 animoque
1082 1068 1187 1140 silere·

755 1186 839 1264 206.

636 1295 733 1366 Aelii
758 1297 950 1370 Hadriani.

527 1410 687 1484 Animula
707 1414 838 1503 vagula,
858 1415 1020 1504 blandula,

529 1520 657 1610 Hospes
682 1538 852 1610 comesque
869 1524 1029 1615 eorporis,
1061 1526 1063 1528 ’

530 1623 622 1712 Quae
640 1648 727 1691 nuuc
746 1626 848 1694 abibis
869 1628 905 1696 in
924 1631 997 1700 ioca

529 1731 704 1816 Pallidula,
723 1729 844 1820 rigida,
864 1734 994 1819 nudula,

527 1837 616 1924 Nec,
636 1849 671 1906 ut
690 1837 789 1921 soles,
812 1835 901 1906 dabis
919 1840 1018 1910 iocos.

754 1967 841 2044 207·

636 2074 735 2143 Aelii
762 2073 957 2148 Hadriani.

455 2217 459 2228 ·
566 2189 638 2276 Ego
656 2185 735 2260 noio
754 2187 870 2260 Florus
890 2217 970 2280 esse,

566 2293 748 2361 Ambulare
768 2317 827 2386 per
846 2296 1003 2384 tabemas,

566 2397 708 2464 Latitare
728 2421 787 2488 per
806 2399 951 2490 popinas,

568 2501 694 2570 Culioee
715 2501 781 2597 pati
800 2502 969 2573 rotundos.

647 2759 744 2828 Aelii
762 2757 946 2832 Hadriani

643 2863 805 2936 epitaphium
824 2859 949 2927 Voconii.

716 2999 730 3030 ὅ
792 3010 803 3033 ι
867 3008 877 3031 Ι

458 3069 616 3139 Lascivus
637 3094 751 3157 versu,
771 3077 881 3150 mente
899 3062 1034 3166 pudieus
1049 3096 1136 3148 eras.

752 3287 836 3366 209.

645 3390 743 3461 Aelii
765 3389 945 3456 Hadriani

609 3497 769 3566 epitaphium
780 3493 872 3546 Sorani
883 3492 982 3546 Batavi.

210 3585 215 3595 ⁸
302 3595 440 3682 Ille‘ego
461 3595 637 3664 Pannoniis
661 3591 826 3684 quondam
845 3591 1029 3659 notissimus
1051 3591 1128 3676 oris,

301 3700 389 3766 Inter
410 3702 502 3768 mille
521 3703 612 3768 viros
638 3699 762 3791 primus
783 3696 943 3783 sonasque
963 3700 1110 3782 Batavos,

303 3805 469 3872 Hadriano
489 3809 579 3896 potui
601 3807 655 3895 qui
675 3805 781 3872 iutiioe
802 3816 890 3872 vasta
910 3803 1066 3894 profundi

301 3906 454 3996 Aequora
474 3911 617 3980 Danubii
637 3912 756 3980 cunctis
777 3923 903 3977 tranare
922 3911 980 3976 sub
1002 3911 1112 3996 armis,

239 4021 260 4086 5
303 4013 531 4102 Emissumque
552 4032 642 4103 arcu,
664 4019 743 4084 dum
764 4015 881 4106 pendet
899 4015 936 4082 iu
956 4017 1047 4100 aia're,
1074 4018 1185 4101 telum,

304 4115 358 4184 Ac
376 4119 475 4198 redit,
497 4145 539 4189 ex
560 4120 621 4189 alia
641 4123 700 4191 fixi
723 4123 869 4211 fregique
891 4122 1010 4210 sagitta.

302 4224 411 4310 Quem
431 4249 533 4317 neque
552 4225 718 4294 Romanus
738 4227 850 4314 potuit,
869 4249 930 4294 nec
949 4225 1101 4294 barbarus
1122 4249 1287 4316 umquam,

301 4329 381 4400 Non
400 4330 504 4404 iaculo
524 4331 636 4416 miles,
658 4355 726 4400 nou
747 4355 823 4400 arou
843 4332 975 4400 viscere
995 4329 1142 4418 Panhus,
