2994 4828
658 189 854 283 169.

225 389 297 456 Iam
316 391 465 456 flammae
486 387 585 470 coeli,
607 385 737 454 Troum
757 386 939 476 patriaeque
959 387 1068 454 ruinas
1134 409 1137 418 ·

226 497 271 563 Et
290 496 373 583 regis
395 494 520 561 Priami
548 491 649 560 iatum
671 492 856 558 miserabile
874 515 1013 582 semper,

225 600 467 689 inpositumque
487 610 613 689 patrem
635 599 734 680 collo,
771 598 944 686 dextraque
964 599 1160 686 prehensum

225 701 404 770 Ascanium
424 704 542 770 frustra
562 726 581 769 a
600 715 690 789 tergo
711 701 887 767 eomitante
908 705 1047 784 Creusa3

141 819 185 882 30
226 807 383 900 Ereptum
402 810 485 874 hane
504 806 585 890 feto,
606 807 710 872 socios
731 807 767 872 in
791 820 902 873 moute
922 823 1075 899 receptos.

658 973 755 1029 Tertii.

225 1074 302 1142 Post
323 1096 436 1141 eversa
455 1071 628 1162 Phrygum
649 1096 747 1162 regne
768 1085 800 1138 ut
820 1070 895 1160 fuga
916 1085 1025 1164 coepta
1045 1073 1187 1158 moveri,

226 1179 334 1267 thue
354 1179 395 1246 sit
415 1179 450 1245 in
471 1177 623 1247 Thracen
644 1177 753 1267 primo
776 1176 943 1261 devectus,
964 1179 1074 1268 ibique

226 1284 359 1351 Moenia
381 1284 560 1352 condiderit
580 1281 739 1381 Polydori
761 1282 857 1348 caede
877 1284 971 1374 piata,

227 1387 327 1480 Regis
349 1381 593 1480 et‘hospitium,
616 1403 650 1456 ut
670 1387 792 1466 Phoebi
815 1411 969 1477 responsa
993 1394 1157 1462 cauebant.

141 1501 186 1568 35
229 1494 390 1584 Coeptum
411 1496 471 1561 iter
492 1496 527 1560 in
549 1495 682 1586 Creten,
713 1513 821 1558 rursus
842 1512 928 1556 nova
950 1491 1013 1559 fata
1032 1510 1176 1585 reperta;

226 1599 409 1692 Naufragus
429 1615 464 1668 ut
485 1599 580 1666 fuerit
602 1596 794 1684 Strophadas
817 1595 998 1680 compulsus
1025 1601 1064 1664 ed
1086 1602 1197 1669 undas.

226 1706 307 1773 Inde
327 1699 438 1794 fugam
459 1715 489 1767 et
515 1701 603 1765 dirae
624 1710 749 1764 enarrat
767 1710 934 1786 praecepte
955 1701 1122 1788 Celaenus,

228 1809 375 1898 Liquerit
396 1818 490 1891 utque
511 1777 673 1878 Helehum
696 1793 852 1890 pe'rceptis
876 1803 992 1870 ordine
1013 1805 1103 1874 fatis.

228 1914 413 2003 Supplicem
436 1907 713 1975 Achaemenidem
735 1905 941 1996 Polyphemo
967 1925 1098 1998 urgente
1123 1921 1259 2020 recepit3

23 2087 25 2092 ,
143 2027 187 2096 4ο
228 2018 463 2136 Amissumque
489 2026 616 2104 patrem
636 2009 799 2102 Dlepani‚
825 2026 918 2101 etque
934 2014 1011 2080 hinc
1032 2017 1106 2084 inde
1127 2023 1259 2110 quievit

647 2189 752 2260 Quarti.

228 2294 277 2362 At
295 2295 412 2381 regina·
427 2293 520 2382 gravi
541 2289 680 2357 Veneris
701 2289 768 2355 iam
790 2289 931 2380 carpitur
947 2289 1027 2380 igni.

229 2399 414 2467 consulitur
434 2421 529 2465 soror
549 2395 663 2479 Anna,
692 2395 795 2485 piacet
813 2399 1021 2466 succumbere
1041 2399 1156 2472 amori

228 2505 326 2572 Fiunt
344 2526 433 2570 sacre
456 2503 539 2586 deis,
568 2513 745 2568 onerentur
765 2501 899 2566 numina
921 2503 1025 2571 donis.

230 2613 485 2676 Itur-venatum.
513 2605 665 2673 ‘Veneris
687 2607 771 2671 clam
794 2605 924 2672 foedera
945 2610 1088 2699 iungunt.

144 2719 189 2791 45
229 2713 322 2780 Facti
340 2711 551 2778 famavolat:
582 2710 722 2775 monitus
748 2721 823 2773 tunc
843 2713 977 2779 numine
999 2716 1113 2784 divum

229 2817 357 2884 Aeneas
382 2816 576 2900 classemque
598 2812 694 2898 fugae
713 2813 876 2900 sociosque
896 2821 1035 2906 parebat.

232 2913 338 2988 Serisit
357 2941 465 2982 amans
487 2917 592 2996 Dido,
613 2918 759 3005 precibus
781 2934 893 2985 conata
913 2925 1048 2989 morari.

231 3027 403 3110 Postquam
427 3021 490 3087 iata
509 3022 618 3087 iubent
637 3041 698 3084 nec
717 3021 784 3084 iam
806 3021 897 3088 datur
916 3027 980 3090 ulla
1000 3025 1139 3114 facultas,

232 3125 489 3212 conscenditque
503 3141 628 3212 pyram
651 3125 797 3212 dixitque
818 3129 996 3194 novissima
1018 3130 1127 3217 verbe,

149 3246 193 3311 50
233 3232 276 3301 Et
296 3231 398 3298 vitam
418 3228 534 3296 infelix
554 3234 656 3299 multo
679 3255 755 3298 cunr
775 3233 928 3320 sanguine
949 3233 1040 3304 fudit.
1181 3239 1182 3244 ’

658 3414 758 3482 Quinti.

233 3510 374 3597 Navigat
394 3507 531 3576 Aeneas.
575 3510 696 3578 Siculas
719 3512 858 3580 defertur
881 3511 921 3576 ad
942 3536 1024 3578 oras.

233 3614 300 3680 Hic
322 3637 431 3679 manes
453 3614 588 3680 celebret
607 3618 741 3704 patrios,
770 3642 834 3685 una
856 3617 971 3706 hospes
993 3617 1133 3699 Acestes.

232 3717 346 3784 Ludos
367 3719 408 3782 ed
427 3721 587 3786 tumulum
607 3720 745 3807 faciunt,
771 3723 943 3790 certamina
965 3740 1097 3811 ponunt.

234 3821 388 3909 Prodigio
409 3837 454 3889 est
478 3827 595 3892 cunctis
614 3829 728 3893 ardens
750 3829 875 3917 delapsa
893 3827 1012 3915 sagitte.

150 3939 193 4004 55
234 3928 296 3994 Iris
318 3951 415 3992 enum
437 3931 562 3996 Beroen
585 3931 695 3998 habitu
715 3934 849 3998 mentita
870 3932 965 3998 senili

232 4032 378 4099 Incendit
399 4056 513 4117 naves,
539 4035 659 4100 subitus
681 4059 756 4123 quas
778 4036 919 4102 vindieat
939 4039 1054 4106 imber.

107 4187 132 4221 ‚.
233 4139 273 4204 In
295 4138 418 4204 somnis
438 4150 526 4226 peter
548 4139 720 4223 Anchises,
750 4165 826 4227 quae
847 4143 930 4208 belle·
949 4145 1096 4234 gerenda,

236 4245 372 4332 Quoque
394 4245 474 4310 duee
493 4245 533 4310 ad
555 4245 674 4322 Manes¹
689 4247 787 4336 possit
808 4247 1013 4336 descendere,
1033 4237 1200 4318 morutret.
