3000 4820
772 257 844 337 160

721 353 923 370 §tuq—uuonan*

781 449 867 519 Ver.

213 586 218 598 *
273 565 317 633 4ο
359 559 437 623 Non
457 555 520 624 illis
542 554 711 640 dominus,
730 558 786 622 sed
805 581 926 646 pauper
946 559 1100 649 inopsque
1119 559 1271 650 superbis,

354 663 476 728 Necte
495 659 563 724 iam
582 663 703 749 poteris
724 686 784 750 per
810 675 840 728 te
862 675 895 731 tu
916 683 1044 752 pascere
1062 677 1195 749 tantum,

355 766 403 831 Ni
422 765 494 848 tibi,
514 764 568 850 qui
587 765 711 847 veniet,
733 769 857 833 cuculus
880 769 1034 834 alimonia
1053 781 1197 858 praestet.

355 871 447 936 Tum
466 870 633 956 respondit
652 892 754 938 ovans
771 869 905 939 sublimi
932 897 950 938 e
968 874 1044 939 sede
1064 873 1246 958 Palaemon,

355 975 397 1043 Et
416 975 566 1065 Daphnis
584 975 719 1063 pariter,
737 983 910 1066 lpastomm
931 991 962 1044 et
982 978 1072 1044 turba
1093 977 1236 1068 piorum:

272 1091 316 1162 46
357 1081 478 1149 Desine
498 1080 603 1168 plura,
625 1079 756 1164 Hiems,
783 1103 895 1149 rerum
916 1095 949 1171 tu
968 1082 1139 1174 prodigus,
1159 1095 1266 1149 atrox:

355 1189 399 1260 Et
419 1182 526 1251 veniat
546 1184 690 1265 cuculus,
710 1197 873 1272 pastorum
895 1187 994 1253 dulcis
1016 1189 1147 1255 amicus.

356 1291 499 1360 Collibus
520 1289 555 1356 in
576 1287 693 1354 nostris
714 1301 882 1378 erumpunt
901 1291 1047 1378 germina
1066 1292 1157 1374 laeta,

358 1397 475 1464 Pascua
494 1393 557 1459 sint
576 1392 701 1481 pecori,
720 1393 844 1480 requies
865 1405 895 1460 et
915 1395 1014 1465 dulcis
1033 1396 1069 1464 in
1089 1396 1187 1477 mnis,

345 1503 398 1569 ‘Et
414 1500 535 1566 virides
555 1498 640 1564 rami
659 1511 816 1588 praestent
841 1496 1027 1566 umbracula
1045 1497 1146 1578 fessis,

228 1691 230 1696 Ι
274 1619 317 1682 5ο
358 1601 519 1672 Uberibus
539 1603 643 1694 plenis
664 1605 853 1693 veniantque
875 1606 916 1672 ad
939 1606 1074 1670 mulctra
1094 1605 1240 1692 capellae,
1433 1567 1436 1571 -

357 1711 400 1776 Et
419 1709 567 1774 volucres
587 1709 677 1774 varia
698 1708 866 1774 Phoebum
885 1711 943 1777 sub
965 1732 1047 1776 voce
1067 1710 1209 1774 salutent.

358 1816 561 1904 Quapropter
581 1813 671 1879 citius
692 1816 818 1880 enudus
839 1838 925 1880 nunc
945 1837 1017 1879 ecce
1041 1814 1160 1896 venito,

357 1923 411 1986 Tu
431 1921 498 1985 iam
519 1919 617 1985 dulcis
638 1942 747 2004 amor,
778 1919 896 1986 cunctis
916 1918 1114 2006 gratissimus
1135 1917 1260 2006 hospes,

357 2026 479 2092 Omnia
501 2037 532 2090 te
551 2036 732 2112 expectant,
755 2025 883 2114 pelagus
903 2026 1058 2111 tellusque
1077 2024 1239 2113 polusque.

275 2143 317 2208 55
360 2132 473 2214 Salve,
495 2130 587 2194 dulce
608 2130 718 2212 decus,
738 2131 881 2212 cuculus,
904 2153 961 2218 per
982 2129 1085 2194 secula
1105 2129 1209 2194 salve!
1258 2125 1261 2132 '

776 2297 861 2374 392·

703 2412 790 2482 Iulii
809 2412 945 2498 Sparati

672 2516 756 2586 elegia
774 2517 808 2568 de
824 2514 979 2570 Philomela.

360 2637 439 2702 Sum
459 2636 562 2703 noctis
582 2635 682 2720 socia,
706 2657 781 2701 sum
802 2646 908 2700 cantus
929 2633 1029 2699 dulcis
1049 2633 1167 2699 amica:

397 2741 531 2807 Nomen
552 2741 591 2806 ab
611 2740 761 2827 ambiguo
783 2738 829 2804 sic
848 2739 1023 2829 philomela
1042 2761 1129 2824 gero.
1195 2735 1200 2744 ’

356 2845 514 2912 Traducit'
530 2846 705 2935 philomela
725 2847 910 2911 insomnem
933 2841 1076 2908 carmine
1093 2853 1232 2929 nouem,

399 2951 471 3017 Nos
492 2950 637 3016 dormire
658 2935 748 3032 facit,
766 2973 800 3014 se
823 2947 959 3034 vigilare
980 2946 1083 3013 docet.

275 3071 296 3132 5
358 3056 439 3140 Dic,
454 3054 645 3143 philomela,
669 3054 750 3120 velis
771 3076 828 3118 cur
852 3063 980 3118 noctem
1000 3053 1131 3118 vincere
1151 3059 1267 3125 cantui

398 3160 481 3227 Ovis
503 3184 543 3225 ue
562 3172 672 3225 noceat
691 3158 742 3223 vis
763 3157 894 3223 inimica
916 3157 1008 3222 meis.

359 3265 423 3332 Dic
442 3289 513 3352 age,
537 3287 616 3328 num
636 3276 726 3328 cantu
752 3263 871 3352 poteris
891 3261 1049 3352 depellere
1063 3265 1209 3351 pestem?

399 3370 446 3437 Ut
464 3368 585 3458 possim
606 3379 657 3436 aut
677 3389 853 3452 nequeam,
874 3389 929 3431 tne
948 3365 1084 3452 uigilare
1103 3365 1200 3430 iuvat.
1307 3449 1308 3454 ἵ

359 3476 454 3558 Vox,
474 3471 664 3562 philomela,
684 3483 736 3536 tua
757 3485 862 3537 cantus
883 3473 1021 3536 ediscere
1042 3469 1134 3555 cogit,

277 3594 318 3658 10
400 3578 480 3645 Inde
499 3577 545 3643 tui
564 3576 691 3642 laudem
712 3573 826 3641 rustica
845 3575 952 3662 lingua
973 3576 1068 3640 canit.

358 3683 452 3766 Vox,
472 3681 664 3771 philomela,
690 3691 744 3744 tua
764 3678 895 3744 citharas
917 3679 950 3744 in
972 3679 1114 3746 carmine
1134 3679 1245 3762 vincit,

401 3788 443 3853 Et
461 3799 586 3874 superat
608 3783 701 3850 miris
721 3783 843 3849 musica
867 3783 967 3851 flabra
989 3786 1108 3852 modis.

359 3889 454 3974 Vox,
473 3891 666 3980 philomela,
685 3901 736 3953 tua
756 3909 905 3954 curuum
922 3889 1047 3956 semina
1066 3889 1168 3980 pellit,

402 3999 446 4064 Et
464 4008 585 4062 recreat
603 3991 727 4060 blandis
746 3993 841 4058 anxia
869 3995 966 4060 corda
985 3993 1085 4060 sonh.

278 4116 319 4182 15
359 4103 476 4170 Florea
495 4121 571 4164 rura
591 4098 684 4180 colis,
708 4097 845 4162 herboso
866 4100 981 4188 cespite
998 4098 1125 4187 gaudes,

307 4223 312 4232 '
398 4203 579 4276 Frondibus
599 4200 739 4293 arboreis
759 4201 893 4289 pignora
913 4203 1017 4268 multa
1034 4200 1137 4266 foves.

360 4310 511 4383 Cantibus
531 4327 603 4371 ecoe
621 4303 684 4370 tuis
703 4317 870 4394 recrepant
891 4306 1014 4374 arbusta
1031 4303 1168 4386 canoris,
