3002 4816
714 201 919 308 „426-

776 401 861 480 556·
1078 471 1081 478 ,

630 515 808 582 Claudii
828 517 877 582 de
897 517 1012 582 luna.

350 646 444 708 Luna
466 641 558 706 decus
578 641 708 723 mundi,
739 641 850 726 magni
871 664 944 728 pars
965 638 1109 704 maxima
1131 641 1221 722 coeli,

350 747 440 811 Luna
460 748 571 834 iugum
592 735 692 826 Solis,
713 746 881 832 splendor3
902 767 976 828 vas,
1001 745 1083 830 ignis
1105 757 1134 809 et
1156 746 1283 810 humor.

349 854 445 919 Luna
464 875 578 938 parens
599 872 763 933 mensum,
790 839 943 915 nurnerus
966 873 983 914 a
1005 851 1081 913 Sole
1099 873 1276 932 renascens,

348 957 411 1020 Ast
431 956 538 1040 biiugo
558 957 699 1020 stellante
717 957 793 1044 polo
813 955 873 1021 sub
896 955 970 1019 Sole
990 955 1157 1038 gubernas.

350 1062 400 1125 Te
419 1060 572 1124 redeunte
594 1061 658 1124 dies
679 1058 831 1124 fraternas
854 1059 974 1144 colligit
991 1060 1099 1124 horas.
1118 1083 1124 1096 ·

348 1167 399 1230 Te
417 1179 507 1254 pater
528 1167 674 1232 Oceanus
694 1178 848 1230 renovato
869 1163 997 1252 respicit
1019 1187 1088 1227 axe.

347 1271 399 1344 Te
418 1270 538 1358 spirant
561 1281 679 1352 terrae,
700 1283 733 1335 tu
754 1271 870 1335 vinclis
892 1271 1027 1334 Tartara
1049 1267 1159 1352 cingis.

348 1376 402 1439 Tu
421 1374 514 1438 sistro
533 1375 671 1438 'renovas
692 1375 861 1456 brumam,
889 1386 926 1437 tu
945 1371 1094 1458 cymbala
1115 1394 1248 1458 quassas.

346 1478 424 1562 Iris,
444 1479 553 1561 Luna,
575 1477 707 1561 Choris,
729 1478 869 1543 coelestis
891 1478 989 1556 Iuno,
1013 1475 1147 1560 Cybele,

264 1600 304 1659 10
346 1582 491 1652 Alternis
514 1594 549 1646 tu
568 1605 688 1647 nomen
705 1583 773 1668 agis
793 1583 852 1648 sub
873 1603 984 1646 mense
1006 1579 1125 1662 diebus,

344 1691 387 1756 Et
406 1711 514 1754 rursus
535 1709 670 1755 renovas
691 1689 803 1752 alterni
830 1686 954 1751 lumina
970 1684 1104 1748 mensis.

345 1796 440 1859 Tunc
450 1793 560 1856 minor
581 1815 629 1874 es,
643 1797 727 1855 'cum
748 1795 841 1880 plena
853 1791 943 1856 venis
951 1814 963 1870 3
983 1800 1057 1852 tunc
1070 1789 1164 1876 plena
1178 1811 1359 1875 resurgens,

345 1901 431 1964 Cum
451 1897 560 1960 minor
582 1921 613 1960 es
620 1922 630 1978 3
652 1896 767 1962 crescis
786 1919 928 1984 semper,
951 1915 1026 1957 cum
1047 1892 1155 1957 deficis
1177 1892 1266 1957 orbe.

343 2005 417 2068 Huc
437 2001 509 2065 ades
529 2012 559 2064 et
580 2001 695 2065 nostris
717 2000 862 2088 precibus
884 1999 941 2062 dea
965 1997 1114 2062 blandior
1135 2011 1210 2084 est0,

265 2121 305 2183 15
346 2105 565 2190 Luciferisque
585 2087 665 2190 iugis
688 2105 859 2173 concordes
880 2104 953 2168 siste
975 2105 1056 2169 iucie
1079 2127 1124 2186 as,

344 2215 386 2278 Et
410 2209 520 2276 volvat
539 2207 668 2276 fortuna
688 2221 811 2288 rotam,
838 2229 917 2294 quae
936 2211 1090 2294 prospera
1111 2221 1253 2284 currunt.
1346 2271 1357 2284 ,

759 2387 842 2460 557·

712 2492 752 2558 M
760 2491 896 2555 odessi·

735 2593 864 2661 Lucretia.

338 2711 457 2792 Roma,
485 2707 543 2773 tibi
564 2705 750 2793 ambiguum
770 2725 842 2766 mea
863 2723 953 2766 mors
973 2701 1042 2767 sine
1062 2713 1137 2765 teste
1157 2699 1301 2785 dedisses,

381 2815 471 2879 Esset
489 2823 601 2877 utrum
617 2823 651 2876 ut
670 2832 802 2898 corpus,
821 2807 868 2872 sic
885 2807 1033 2873 scelerata
1044 2805 1169 2874 anima.

339 2918 438 2983 Proin
462 2918 603 2982 animam
622 2926 718 2978 testor
737 2915 836 2978 scelus
856 2913 940 2976 haud
960 2910 1111 2996 tetigisse,
1130 2911 1187 2976 scd
1207 2934 1287 2993 ecce,

357 3023 424 3087 'Ut
442 3022 548 3086 solum
569 3018 701 3084 foedum
721 3031 766 3082 est
785 3039 918 3103 corpus,
939 3017 982 3080 ita
1002 3015 1037 3080 id
1057 3013 1156 3098 fodio,

335 3127 416 3212 Quo
437 3147 530 3190 cruor
551 3122 708 3187 inflictam
729 3122 834 3187 labem
853 3122 953 3203 lavet,
989 3132 1019 3184 et
1039 3142 1097 3207 per
1118 3135 1221 3210 aperta

255 3243 276 3304 5
333 3309 335 3313 .
380 3231 509 3295 Pectora
529 3227 568 3292 ab
588 3225 752 3293 inrisasit
770 3223 843 3312 fuga
862 3225 937 3289 sede
957 3213 1091 3290 animosa

753 3421 836 3494 558·

678 3525 912 3596 Valeriani

700 3633 735 3682 da
752 3633 887 3684 Cicerone

330 3747 393 3811 Par
415 3745 514 3809 scelus
535 3727 662 3806 adrnisit
683 3741 807 3813 Phariis
829 3740 986 3806 Antonius
1008 3741 1123 3805 armis.-

372 3846 541 3913 Absoindit
560 3847 664 3912 vultus
686 3846 767 3910 ensis
786 3859 920 3932 uterque
937 3868 1053 3910 sacros.

330 3950 431 4031 Illud,
451 3951 623 4035 laurigeros
642 3972 747 4035 ageres
770 3973 845 4014 oum
865 3952 947 4014 laeta
967 3950 1157 4040 triumphos,

368 4053 444 4119 Hoc
461 4052 537 4132 tibi,
557 4054 679 4135 Roma,
700 4055 806 4142 caput,
831 4077 903 4119 cum
924 4054 1116 4140 loquereris,
1136 4066 1211 4118 erat.

243 4172 264 4234 5
327 4158 415 4246 Quid
434 4168 568 4240 prosunt
589 4179 694 4222 sacrae
716 4161 855 4247 praecisa
881 4158 1003 4223 silentia
1023 4157 1174 4244 linguae?

273 4295 277 4304 ¹
362 4259 523 4342 Incipiunt
542 4283 653 4324 omnes
672 4286 732 4348 pro
757 4264 912 4332 Cicerone
931 4263 1028 4348 loqui.
