2876 4824
624 217 682 268 v11

76 405 171 474 har.
226 400 346 470 Omisi
370 397 467 470 enirn
489 401 683 492 pessimas,
708 401 749 468 in
776 398 905 492 quibas
929 400 1104 476 sententia
1128 406 1209 474 ab-

27 569 28 598 ,
81 501 229 587 surda,
255 500 367 572 verba
387 499 555 588 barbara,
579 500 723 569 numeri
746 500 929 570 innumeri
955 516 1076 592 erant,
1110 527 1196 596 quas

27 655 28 672 .
82 601 250 671 omnino
283 599 380 668 haud
410 609 681 688 ornamentum,
721 623 849 672 verum
883 601 1035 670 dedecus
1060 603 1196 698 ‘latinae

27 685 29 792 l
81 723 252 794 poeseos
279 723 358 768 esse
375 699 577 792 apparebat.
628 699 719 768 Item
744 723 802 768 eas
820 699 975 787 exclusi,
1001 702 1039 770 in
1065 703 1208 792 quibus,

27 805 31 896 l
81 823 174 869 non
199 798 332 867 laetam
354 812 519 871 veterum
546 798 853 890 superstitionem,
880 799 943 870 sed
969 799 1195 870 Christianae

27 897 28 910 ¹
82 899 285 990 religionis
310 901 538 968 severitatem
552 900 677 989 vigere
701 899 908 968 sentiebam.
955 899 1033 967 Nec
1059 899 1194 970 volan·-

82 1013 149 1069 tas
175 1010 301 1066 tamen
326 999 417 1066 mihi
442 997 574 1084 deluit,
608 996 847 1089 Anthologiae
872 1021 990 1068 sacrae
1017 999 1210 1090 appendi-¹

87 1123 177 1168 cem
198 1097 414 1186 'adiiciendi,
452 1119 598 1184 verum,-
631 1100 686 1166 ne'
702 1099 835 1166 nimius
860 1100 957 1167 foret
980 1098 1090 1184 liber,
1123 1122 1193 1168 ve-
1259 1139 1264 1150 ·

86 1199 218 1267 rebar.
269 1197 341 1266 Sed
372 1199 423 1265 sio
458 1219 601 1289 quoque
632 1197 768 1290 aliquot
800 1198 1007 1267 Christiana
1029 1207 1193 1290 poemata

87 1299 236 1384 insunt,
263 1297 436 1389 quaeetsi
448 1298 583 1367 invitus
601 1298 728 1366 ceteris
743 1297 938 1366 immiscuit
950 1297 1192 1366 Burmannus.

109 1427 113 1436 ,
155 1421 159 1430 ’
199 1395 428 1490 Quicmnque
458 1397 505 1464 de
528 1394 744 1489 Anthologia
771 1397 882 1466 latina
910 1408 1009 1466 reote
1033 1397 1205 1468 iudieare-

88 1497 217 1584 volet,
244 1521 310 1565 nec
333 1497 555 1568 bonatotam
579 1519 646 1566 neo
660 1497 760 1564 mala
769 1496 902 1566 habere
923 1498 1079 1566 carmina
1103 1521 1208 1567 sen-··

86 1599 183 1685 tiet,
235 1597 300 1666 sed
332 1597 451 1688 potius
484 1596 588 1664 bonis
618 1597 712 1666 mala
742 1597 949 1664 intermixta
974 1619 1067 1682 esse,
1116 1598 1209 1664 imo·

88 1695 256 1789 plurima
282 1697 322 1764 ei
338 1697 477 1782 inesse,
513 1719 602 1787 quae
625 1695 829 1764 litterarum
853 1695 1100 1762 Romanarum
1124 1696 1210 1762 de-.

88 1795 199 1866 liciae
232 1818 320 1867 vere
352 1795 524 1887 appellari
553 1797 717 1886 possint,
752 1815 821 1858 nec
852 1813 964 1880 panea
995 1794 1191 1880 continere,

90 1897 228 1990 quibus
252 1897 292 1962 in
317 1895 446 1963 ceteris
479 1895 599 1984 poetis
622 1891 715 1958 nihil
738 1889 812 1956 fere
833 1889 954 1958 simile
976 1891 1192 1982 inveniatur,

27 2041 36 2074 ,
91 1995 216 2088 qualia
241 1995 553 2083 suntfragmenta
566 1988 752 2077 Varronis,
777 1987 935 2077 Laberii,
961 1989 1080 2058 Publii
1097 1991 1208 2080 Syris

92 2095 243 2164 Deinde
271 2093 402 2160 eximia
420 2091 516 2157 inter
529 2088 672 2180 Virgilii
688 2087 865 2156 Catalecta
880 2100 1003 2157 extare
1023 2091 1191 2176 carmina,
1207 2129 1209 2137 ,

94 2205 134 2263 ut
166 2189 265 2260 illud
296 2186 453 2256 Sabinus
491 2186 551 2254 illa
582 2209 685 2280 quem
714 2184 845 2256 videtis
881 2185 1038 2279 hospites
1069 2200 1105 2258 et
1135 2189 1206 2257 lte·

27 2320 36 2360 a
94 2293 178 2361 dinc
190 2341 206 2374 ,
230 2289 374 2377 inanes,
407 2289 475 2371 ite,
509 2285 690 2356 rhetorum
715 2286 911 2379 ampullae·
926 2300 963 2357 et
985 2287 1089 2379 plura
1113 2289 1192 2377 alia,

94 2417 206 2462 nemo
223 2389 327 2458 facile
339 2389 406 2458 ibit
417 2388 562 2456 infitias.
612 2386 731 2480 Atque
743 2412 824 2456 eum
847 2387 940 2476 dico,
965 2389 1204 2478 suspicienda.
1253 2413 1256 2420 ¹

95 2515 173 2562 esse
202 2490 361 2558 carmina
375 2489 560 2578 Priapeia,
585 2511 694 2556 nemo
711 2487 984 2558 hocmirabitur
1006 2488 1190 2575 iudioium‚

94 2593 168 2684 qui.
180 2599 407 2660 venustatem
423 2599 608 2679 artemque
623 2610 749 2656 eorum
763 2587 1005 2677 intellexerit,
1033 2587 1111 2655 etsi.
1124 2611 1190 2680 ego

95 2713 240 2782 quoque
263 2688 477 2778 plerumque
488 2687 671 2776 dolebam,
696 2694 860 2756 auctores
882 2699 1016 2757 tantam
1041 2689 1079 2755 in
1104 2711 1188 2756 sor·-

27 2777 33 2824 '
95 2789 282 2858 didissimo
302 2798 513 2878 argumento
539 2787 753 2880 expoliendo
778 2790 1205 2878 consumsisseoperamr·

95 2890 268 2957 Poemata
298 2909 408 2978 porro
442 2887 607 2956 Petronii
642 2911 687 2956 eo
719 2886 835 2978 pluris
860 2889 1079 2958 aestimanda
1110 2909 1191 2954 esse

96 2987 207 3074 duco,
234 2987 317 3078 quia
340 2986 379 3053 id
401 2992 553 3076 poeseos
568 3010 681 3079 genus
707 2987 914 3078 abantiquo
938 2986 1207 3056 Romanorum·

95 3088 198 3180 poesi
220 3108 369 3176 prorsus
394 3085 581 3174 abhorret,
616 3089 736 3178 eique,
763 3087 861 3176 quod
884 3089 1018 3152 nostris
1039 3097 1186 3173 tempo-

96 3186 198 3254 ribus
230 3183 398 3271 invaluit,
449 3185 679 3251 simillimum
723 3192 785 3249 est.
814 3252 819 3261 ,
855 3181 944 3250 Post
975 3179 1187 3250 Petronium

98 3284 216 3353 nullus
238 3285 316 3369 fere
338 3293 447 3374 poeta
472 3283 653 3372 excelluit,
693 3280 755 3351 sed
787 3280 1021 3351 nihilominus
1046 3283 1091 3372 ii,
1124 3283 1204 3374 qui÷

97 3384 233 3452 litteras
264 3381 515 3452 Romanorum
552 3384 591 3452 in
622 3383 758 3452 ultimis
793 3405 935 3475 quoque
950 3383 1186 3475 'temporibus

96 3483 314 3576 perscrutari
345 3495 481 3571 amant,
522 3485 701 3554 seriorum
733 3482 867 3574 aliquot
897 3483 994 3553 haud
1017 3492 1204 3552 contem-=

96 3581 234 3650 nendos
272 3605 351 3650 esse
385 3583 573 3673 putabunt.
642 3581 736 3652 Nam
773 3581 932 3670 Solinus,
978 3582 1183 3672 Pentadius,

97 3679 265 3770 Alcimus,
291 3680 463 3753 Ablavius
478 3682 549 3773 legi
570 3692 767 3752 merentur.
815 3679 868 3750 Ac
880 3682 1068 3753 Vandalici
1089 3679 1203 3774 poe-·

97 3792 175 3868 tae,
199 3791 242 3848 ut
264 3777 467 3872 Luxorius,
493 3779 640 3854 Flavius
664 3781 786 3868 Felix,
811 3781 1063 3869 Florentinus,
1089 3805 1183 3872 pro-.-

95 3890 177 3974 pter
195 3903 269 3947 ‚res
300 3892 337 3950 et
359 3905 510 3971 mores,
532 3882 593 3974 qui
616 3883 656 3950 in
682 3903 807 3950 eorum
836 3885 1012 3974 poematis
1037 3881 1180 3950 deseri..

94 3979 249 4067 buntur,
296 3982 500 4072 cognitione
533 3982 688 4049 maxime
722 3990 808 4048 sunt
846 3981 959 4072 digni.
1019 3979 1180 4050 Omnino

93 4075 313 4170 Anthologia
331 4067 418 4148 haec
432 4081 672 4150 remotissima
690 4077 807 4150 secula
820 4073 1022 4173 coniungit,
1048 4082 1181 4174 quippe

27 4197 33 4230 t
93 4189 168 4248 tam
192 4180 521 4270 antiquissimorum
532 4191 721 4272 poetarum
742 4204 847 4272 quam
861 4181 972 4249 medii
994 4182 1072 4251 aeti
1086 4203 1195 4250 ,aare

91 4277 192 4346 mina
215 4277 276 4346 hic
299 4279 479 4370 leguntur.-
536 4277 630 4348 Nam
655 4280 911 4373 epigrammata
933 4281 974 4348 ia
996 4281 1182 4372 Scipiones
