<?xml version="1.0" encoding="UTF-8"?>
<!DOCTYPE html PUBLIC "-//W3C//DTD XHTML 1.0 Transitional//EN"
    "http://www.w3.org/TR/xhtml1/DTD/xhtml1-transitional.dtd">
<html xmlns="http://www.w3.org/1999/xhtml" xml:lang="en" lang="en">
 <head>
  <title>
</title>
<meta http-equiv="Content-Type" content="text/html;charset=utf-8" />
  <meta name='ocr-system' content='tesseract 3.04.00' />
  <meta name='ocr-capabilities' content='ocr_page ocr_carea ocr_par ocr_line ocrx_word'/>
</head>
<body>
  <div class='ocr_page' id='page_1' title='image "./anthologiaveter00burmgoog_0236.png"; bbox 0 0 3000 4820; ppageno 0'>
   <div class='ocr_carea' id='block_1_1' title="bbox 554 461 812 614">
    <p class='ocr_par' dir='ltr' id='par_1_1' title="bbox 554 461 812 614">
     <span class='ocr_line' id='line_1_1' title="bbox 554 461 812 614; baseline -0.016 0"><span class='ocrx_word' id='word_1_1' title='bbox 554 461 745 614; x_wconf 45' lang='grc' dir='ltr'><strong>Ραὶἳὲῧί</strong></span> <span class='ocrx_word' id='word_1_2' title='bbox 753 571 812 612; x_wconf 87' lang='lat' dir='ltr'><strong>us.</strong></span> 
     </span>
    </p>
   </div>
   <div class='ocr_carea' id='block_1_2' title="bbox 160 661 1142 1065">
    <p class='ocr_par' dir='ltr' id='par_1_2' title="bbox 160 661 1142 857">
     <span class='ocr_line' id='line_1_2' title="bbox 160 661 1059 751; baseline 0.001 -20"><span class='ocrx_word' id='word_1_3' title='bbox 160 714 162 718; x_wconf 85' lang='lat'><em>-</em></span> <span class='ocrx_word' id='word_1_4' title='bbox 217 667 344 742; x_wconf 83' lang='lat' dir='ltr'><strong>Primus</strong></span> <span class='ocrx_word' id='word_1_5' title='bbox 365 685 424 750; x_wconf 88' lang='lat' dir='ltr'><strong>ego</strong></span> <span class='ocrx_word' id='word_1_6' title='bbox 446 661 594 730; x_wconf 87' lang='lat' dir='ltr'><strong>Ausonio</strong></span> <span class='ocrx_word' id='word_1_7' title='bbox 614 673 779 751; x_wconf 65' lang='lat' dir='ltr'><strong>pastorum</strong></span> <span class='ocrx_word' id='word_1_8' title='bbox 800 663 942 730; x_wconf 77' lang='lat' dir='ltr'><strong>carmina</strong></span> <span class='ocrx_word' id='word_1_9' title='bbox 964 687 1059 732; x_wconf 87' lang='lat' dir='ltr'><strong>versu</strong></span> 
     </span>
     <span class='ocr_line' id='line_1_3' title="bbox 261 767 1142 857; baseline -0.001 -22"><span class='ocrx_word' id='word_1_10' title='bbox 261 768 453 857; x_wconf 89' lang='lat' dir='ltr'><strong>Composui,</strong></span> <span class='ocrx_word' id='word_1_11' title='bbox 475 779 505 832; x_wconf 91' lang='lat' dir='ltr'><strong>et</strong></span> <span class='ocrx_word' id='word_1_12' title='bbox 528 790 590 853; x_wconf 91' lang='lat' dir='ltr'><strong>quo</strong></span> <span class='ocrx_word' id='word_1_13' title='bbox 611 767 673 832; x_wconf 86' lang='lat' dir='ltr'><strong>sint</strong></span> <span class='ocrx_word' id='word_1_14' title='bbox 692 789 767 832; x_wconf 88' lang='lat' dir='ltr'><strong>rura</strong></span> <span class='ocrx_word' id='word_1_15' title='bbox 786 767 917 833; x_wconf 87' lang='lat' dir='ltr'><strong>colenda</strong></span> <span class='ocrx_word' id='word_1_16' title='bbox 938 771 1053 836; x_wconf 74' lang='lat' dir='ltr'><strong>modos</strong></span> <span class='ocrx_word' id='word_1_17' title='bbox 1140 813 1142 818; x_wconf 92' lang='lat'>-</span> 
     </span>
    </p>

    <p class='ocr_par' dir='ltr' id='par_1_3' title="bbox 217 869 1086 1065">
     <span class='ocr_line' id='line_1_4' title="bbox 217 869 1086 961; baseline 0.005 -20"><span class='ocrx_word' id='word_1_18' title='bbox 217 878 306 957; x_wconf 88' lang='lat' dir='ltr'><strong>Post,</strong></span> <span class='ocrx_word' id='word_1_19' title='bbox 327 874 438 961; x_wconf 91' lang='lat' dir='ltr'><strong>quihus</strong></span> <span class='ocrx_word' id='word_1_20' title='bbox 456 869 583 937; x_wconf 83' lang='lat' dir='ltr'>Aeneas</span> <span class='ocrx_word' id='word_1_21' title='bbox 603 869 737 936; x_wconf 86' lang='lat' dir='ltr'><strong>Rutulos</strong></span> <span class='ocrx_word' id='word_1_22' title='bbox 758 873 956 957; x_wconf 82' lang='lat' dir='ltr'><strong>superaverit</strong></span> <span class='ocrx_word' id='word_1_23' title='bbox 977 877 1086 947; x_wconf 82' lang='lat' dir='ltr'><strong>armis.</strong></span> 
     </span>
     <span class='ocr_line' id='line_1_5' title="bbox 258 973 914 1065; baseline -0.006 -19"><span class='ocrx_word' id='word_1_24' title='bbox 258 979 348 1046; x_wconf 81' lang='lat' dir='ltr'><strong>Vatis</strong></span> <span class='ocrx_word' id='word_1_25' title='bbox 368 977 517 1065; x_wconf 79' lang='lat' dir='ltr'><strong>reliquias</strong></span> <span class='ocrx_word' id='word_1_26' title='bbox 537 976 615 1040; x_wconf 86' lang='lat' dir='ltr'><strong>haec</strong></span> <span class='ocrx_word' id='word_1_27' title='bbox 634 975 688 1064; x_wconf 88' lang='lat' dir='ltr'><strong>pia</strong></span> <span class='ocrx_word' id='word_1_28' title='bbox 708 987 792 1041; x_wconf 83' lang='lat' dir='ltr'><strong>terra</strong></span> <span class='ocrx_word' id='word_1_29' title='bbox 812 973 914 1042; x_wconf 84' lang='lat' dir='ltr'><strong>fovet.</strong></span> 
     </span>
    </p>
   </div>
   <div class='ocr_carea' id='block_1_3' title="bbox 495 1122 843 1298">
    <p class='ocr_par' dir='ltr' id='par_1_4' title="bbox 495 1122 843 1298">
     <span class='ocr_line' id='line_1_6' title="bbox 638 1122 724 1204; baseline 0.012 -12"><span class='ocrx_word' id='word_1_30' title='bbox 638 1122 724 1204; x_wconf 71' lang='lat'><strong>429·</strong></span> 
     </span>
     <span class='ocr_line' id='line_1_7' title="bbox 495 1205 843 1298; baseline -0.003 -22"><span class='ocrx_word' id='word_1_31' title='bbox 495 1249 497 1254; x_wconf 95' lang='lat'>·</span> <span class='ocrx_word' id='word_1_32' title='bbox 520 1205 843 1298; x_wconf 83' lang='lat' dir='ltr'><strong>Asclepiadius.</strong></span> 
     </span>
    </p>
   </div>
   <div class='ocr_carea' id='block_1_4' title="bbox 172 1323 1193 2370">
    <p class='ocr_par' dir='ltr' id='par_1_5' title="bbox 219 1323 949 1410">
     <span class='ocr_line' id='line_1_8' title="bbox 219 1323 949 1410; baseline -0.003 -16"><span class='ocrx_word' id='word_1_33' title='bbox 219 1328 361 1396; x_wconf 87' lang='lat' dir='ltr'><strong>Sicanius</strong></span> <span class='ocrx_word' id='word_1_34' title='bbox 382 1337 469 1391; x_wconf 83' lang='lat' dir='ltr'><strong>vates</strong></span> <span class='ocrx_word' id='word_1_35' title='bbox 489 1325 597 1408; x_wconf 91' lang='lat' dir='ltr'><strong>silvis,</strong></span> <span class='ocrx_word' id='word_1_36' title='bbox 617 1323 774 1390; x_wconf 87' lang='lat' dir='ltr'><strong>Ascraeus</strong></span> <span class='ocrx_word' id='word_1_37' title='bbox 796 1326 832 1391; x_wconf 90' lang='lat' dir='ltr'><strong>in</strong></span> <span class='ocrx_word' id='word_1_38' title='bbox 853 1329 949 1410; x_wconf 90' lang='lat' dir='ltr'><strong>arvis,</strong></span> 
     </span>
    </p>

    <p class='ocr_par' dir='ltr' id='par_1_6' title="bbox 200 1429 931 1622">
     <span class='ocr_line' id='line_1_9' title="bbox 259 1429 824 1520; baseline -0.009 -21"><span class='ocrx_word' id='word_1_39' title='bbox 259 1431 426 1499; x_wconf 89' lang='lat' dir='ltr'><strong>Maeonius</strong></span> <span class='ocrx_word' id='word_1_40' title='bbox 453 1429 544 1494; x_wconf 91' lang='lat' dir='ltr'><strong>bellis</strong></span> <span class='ocrx_word' id='word_1_41' title='bbox 566 1429 634 1518; x_wconf 91' lang='lat' dir='ltr'><strong>ipsc</strong></span> <span class='ocrx_word' id='word_1_42' title='bbox 654 1443 745 1520; x_wconf 80' lang='lat' dir='ltr'><strong>pcela</strong></span> <span class='ocrx_word' id='word_1_43' title='bbox 768 1429 824 1496; x_wconf 89' lang='lat' dir='ltr'><strong>fui.</strong></span> 
     </span>
     <span class='ocr_line' id='line_1_10' title="bbox 200 1533 931 1622; baseline -0.003 -18"><span class='ocrx_word' id='word_1_44' title='bbox 200 1540 349 1604; x_wconf 85' lang='lat' dir='ltr'><strong>&#39;Mantua</strong></span> <span class='ocrx_word' id='word_1_45' title='bbox 370 1558 403 1600; x_wconf 92' lang='lat' dir='ltr'><strong>se</strong></span> <span class='ocrx_word' id='word_1_46' title='bbox 426 1533 492 1598; x_wconf 85' lang='lat' dir='ltr'><strong>vita</strong></span> <span class='ocrx_word' id='word_1_47' title='bbox 511 1535 668 1622; x_wconf 86' lang='lat' dir='ltr'><strong>praeclari</strong></span> <span class='ocrx_word' id='word_1_48' title='bbox 687 1536 778 1610; x_wconf 75' lang='lat' dir='ltr'><strong>molat</strong></span> <span class='ocrx_word' id='word_1_49' title='bbox 798 1537 931 1618; x_wconf 85' lang='lat' dir='ltr'><strong>alumni,</strong></span> 
     </span>
    </p>

    <p class='ocr_par' dir='ltr' id='par_1_7' title="bbox 258 1637 1021 1728">
     <span class='ocr_line' id='line_1_11' title="bbox 258 1637 1021 1728; baseline -0.004 -20"><span class='ocrx_word' id='word_1_50' title='bbox 258 1641 460 1728; x_wconf 79' lang='lat' dir='ltr'><strong>Parthenope</strong></span> <span class='ocrx_word' id='word_1_51' title='bbox 481 1637 603 1702; x_wconf 85' lang='lat' dir='ltr'><strong>famam</strong></span> <span class='ocrx_word' id='word_1_52' title='bbox 623 1653 730 1704; x_wconf 86' lang='lat' dir='ltr'><strong>morte</strong></span> <span class='ocrx_word' id='word_1_53' title='bbox 750 1639 896 1707; x_wconf 85' lang='lat' dir='ltr'><strong>Maronis</strong></span> <span class='ocrx_word' id='word_1_54' title='bbox 919 1641 1021 1708; x_wconf 81' lang='lat' dir='ltr'><strong>habet.</strong></span> 
     </span>
    </p>

    <p class='ocr_par' dir='ltr' id='par_1_8' title="bbox 543 1782 826 1935">
     <span class='ocr_line' id='line_1_12' title="bbox 638 1782 722 1854; baseline -0.095 0"><span class='ocrx_word' id='word_1_55' title='bbox 638 1782 722 1854; x_wconf 73' lang='lat'><strong>430.</strong></span> 
     </span>
     <span class='ocr_line' id='line_1_13' title="bbox 543 1869 826 1935; baseline 0 -1"><span class='ocrx_word' id='word_1_56' title='bbox 543 1869 826 1935; x_wconf 68' lang='lat' dir='ltr'><strong>Eusthenius.</strong></span> 
     </span>
    </p>

    <p class='ocr_par' dir='ltr' id='par_1_9' title="bbox 219 1983 1193 2081">
     <span class='ocr_line' id='line_1_14' title="bbox 219 1983 1193 2081; baseline 0.004 -27"><span class='ocrx_word' id='word_1_57' title='bbox 219 1988 370 2075; x_wconf 79' lang='lat' dir='ltr'><strong>Quisquis</strong></span> <span class='ocrx_word' id='word_1_58' title='bbox 392 2008 441 2066; x_wconf 86' lang='lat' dir='ltr'><strong>es,</strong></span> <span class='ocrx_word' id='word_1_59' title='bbox 470 1983 607 2048; x_wconf 79' lang='lat' dir='ltr'><strong>extremi</strong></span> <span class='ocrx_word' id='word_1_60' title='bbox 629 1983 756 2048; x_wconf 78' lang='lat' dir='ltr'><strong>tilulum</strong></span> <span class='ocrx_word' id='word_1_61' title='bbox 783 1986 853 2072; x_wconf 89' lang='lat' dir='ltr'><strong>lege</strong></span> <span class='ocrx_word' id='word_1_62' title='bbox 874 1988 1042 2072; x_wconf 81' lang='lat' dir='ltr'><strong>carminis,</strong></span> <span class='ocrx_word' id='word_1_63' title='bbox 1070 1991 1193 2081; x_wconf 85' lang='lat' dir='ltr'><strong>hospes,</strong></span> 
     </span>
    </p>

    <p class='ocr_par' dir='ltr' id='par_1_10' title="bbox 172 2088 1031 2370">
     <span class='ocr_line' id='line_1_15' title="bbox 260 2088 1000 2178; baseline 0 -21"><span class='ocrx_word' id='word_1_64' title='bbox 260 2096 330 2158; x_wconf 88' lang='lat' dir='ltr'><strong>Hac</strong></span> <span class='ocrx_word' id='word_1_65' title='bbox 350 2114 408 2178; x_wconf 85' lang='lat' dir='ltr'><strong>ego</strong></span> <span class='ocrx_word' id='word_1_66' title='bbox 429 2088 583 2174; x_wconf 85' lang='lat' dir='ltr'><strong>Virgilius</strong></span> <span class='ocrx_word' id='word_1_67' title='bbox 604 2109 676 2151; x_wconf 91' lang='lat' dir='ltr'><strong>sum</strong></span> <span class='ocrx_word' id='word_1_68' title='bbox 704 2091 870 2154; x_wconf 82' lang='lat' dir='ltr'><strong>lurnrrlalus</strong></span> <span class='ocrx_word' id='word_1_69' title='bbox 890 2090 1000 2175; x_wconf 88' lang='lat' dir='ltr'><strong>humo,</strong></span> 
     </span>
     <span class='ocr_line' id='line_1_16' title="bbox 172 2187 1031 2288; baseline 0 -26"><span class='ocrx_word' id='word_1_70' title='bbox 172 2203 174 2208; x_wconf 52' lang='lat'><strong><em>⁴</em></strong></span> <span class='ocrx_word' id='word_1_71' title='bbox 221 2187 287 2285; x_wconf 88' lang='lat' dir='ltr'><strong>Qui</strong></span> <span class='ocrx_word' id='word_1_72' title='bbox 306 2195 465 2288; x_wconf 79' lang='lat' dir='ltr'><strong>pecudum</strong></span> <span class='ocrx_word' id='word_1_73' title='bbox 486 2204 605 2280; x_wconf 81' lang='lat' dir='ltr'><strong>pastus,</strong></span> <span class='ocrx_word' id='word_1_74' title='bbox 628 2191 682 2279; x_wconf 89' lang='lat' dir='ltr'><strong>qui</strong></span> <span class='ocrx_word' id='word_1_75' title='bbox 704 2195 801 2258; x_wconf 71' lang='lat' dir='ltr'><strong>uilius</strong></span> <span class='ocrx_word' id='word_1_76' title='bbox 822 2193 936 2260; x_wconf 77' lang='lat' dir='ltr'><strong>fertilis</strong></span> <span class='ocrx_word' id='word_1_77' title='bbox 954 2200 1031 2285; x_wconf 85' lang='lat' dir='ltr'><strong>agri,</strong></span> 
     </span>
     <span class='ocr_line' id='line_1_17' title="bbox 261 2296 930 2370; baseline -0.006 -1"><span class='ocrx_word' id='word_1_78' title='bbox 261 2302 346 2370; x_wconf 86' lang='lat' dir='ltr'><strong>Mox</strong></span> <span class='ocrx_word' id='word_1_79' title='bbox 358 2298 574 2368; x_wconf 72' lang='lat' dir='ltr'><strong>Anchisiades</strong></span> <span class='ocrx_word' id='word_1_80' title='bbox 592 2296 677 2362; x_wconf 87' lang='lat' dir='ltr'><strong>bella</strong></span> <span class='ocrx_word' id='word_1_81' title='bbox 698 2297 784 2362; x_wconf 89' lang='lat' dir='ltr'><strong>ducis</strong></span> <span class='ocrx_word' id='word_1_82' title='bbox 803 2300 930 2365; x_wconf 88' lang='lat' dir='ltr'><strong>cecini.-</strong></span> 
     </span>
    </p>
   </div>
   <div class='ocr_carea' id='block_1_5' title="bbox 643 2445 728 2520">
    <p class='ocr_par' dir='ltr' id='par_1_11' title="bbox 643 2445 728 2520">
     <span class='ocr_line' id='line_1_18' title="bbox 643 2445 728 2520; baseline -0.118 1"><span class='ocrx_word' id='word_1_83' title='bbox 643 2445 728 2520; x_wconf 78' lang='lat'><strong>431.</strong></span> 
     </span>
    </p>
   </div>
   <div class='ocr_carea' id='block_1_6' title="bbox 531 2533 840 2621">
    <p class='ocr_par' dir='ltr' id='par_1_12' title="bbox 531 2533 840 2621">
     <span class='ocr_line' id='line_1_19' title="bbox 531 2533 840 2621; baseline 0.013 -24"><span class='ocrx_word' id='word_1_84' title='bbox 531 2533 840 2621; x_wconf 81' lang='lat' dir='ltr'><strong>Pompeianus.</strong></span> 
     </span>
    </p>
   </div>
   <div class='ocr_carea' id='block_1_7' title="bbox 219 2648 1108 3050">
    <p class='ocr_par' dir='ltr' id='par_1_13' title="bbox 219 2648 1108 3050">
     <span class='ocr_line' id='line_1_20' title="bbox 219 2648 1108 2740; baseline 0.004 -24"><span class='ocrx_word' id='word_1_85' title='bbox 219 2653 375 2740; x_wconf 85' lang='lat' dir='ltr'><strong>Virgilius</strong></span> <span class='ocrx_word' id='word_1_86' title='bbox 403 2648 486 2713; x_wconf 91' lang='lat' dir='ltr'><strong>mihi</strong></span> <span class='ocrx_word' id='word_1_87' title='bbox 504 2670 625 2713; x_wconf 90' lang='lat' dir='ltr'><strong>nomen</strong></span> <span class='ocrx_word' id='word_1_88' title='bbox 647 2661 730 2731; x_wconf 87' lang='lat' dir='ltr'><strong>erat,</strong></span> <span class='ocrx_word' id='word_1_89' title='bbox 761 2672 857 2736; x_wconf 90' lang='lat' dir='ltr'><strong>quem</strong></span> <span class='ocrx_word' id='word_1_90' title='bbox 877 2651 1010 2719; x_wconf 83' lang='lat' dir='ltr'><strong>Mantua</strong></span> <span class='ocrx_word' id='word_1_91' title='bbox 1030 2655 1108 2728; x_wconf 78' lang='lat' dir='ltr'><strong>felix</strong></span> 
     </span>
     <span class='ocr_line' id='line_1_21' title="bbox 260 2751 1008 2826; baseline 0.003 -5"><span class='ocrx_word' id='word_1_92' title='bbox 260 2755 380 2822; x_wconf 87' lang='lat' dir='ltr'><strong>Edidit.</strong></span> <span class='ocrx_word' id='word_1_93' title='bbox 421 2752 487 2818; x_wconf 88' lang='lat' dir='ltr'><strong>Hic</strong></span> <span class='ocrx_word' id='word_1_94' title='bbox 508 2751 628 2816; x_wconf 88' lang='lat' dir='ltr'><strong>cineres</strong></span> <span class='ocrx_word' id='word_1_95' title='bbox 653 2755 734 2818; x_wconf 82' lang='lat' dir='ltr'><strong>vatis</strong></span> <span class='ocrx_word' id='word_1_96' title='bbox 757 2767 787 2819; x_wconf 88' lang='lat' dir='ltr'><strong>et</strong></span> <span class='ocrx_word' id='word_1_97' title='bbox 808 2777 876 2820; x_wconf 88' lang='lat' dir='ltr'><strong>ossa</strong></span> <span class='ocrx_word' id='word_1_98' title='bbox 897 2754 1008 2826; x_wconf 80' lang='lat' dir='ltr'><strong>iacent.</strong></span> 
     </span>
     <span class='ocr_line' id='line_1_22' title="bbox 220 2855 955 2944; baseline 0 -18"><span class='ocrx_word' id='word_1_99' title='bbox 220 2861 316 2926; x_wconf 89' lang='lat' dir='ltr'><strong>Cuius</strong></span> <span class='ocrx_word' id='word_1_100' title='bbox 338 2860 373 2925; x_wconf 83' lang='lat' dir='ltr'><strong>in</strong></span> <span class='ocrx_word' id='word_1_101' title='bbox 393 2869 556 2922; x_wconf 86' lang='lat' dir='ltr'><strong>aeternum</strong></span> <span class='ocrx_word' id='word_1_102' title='bbox 575 2857 714 2944; x_wconf 86' lang='lat' dir='ltr'><strong>pastoria</strong></span> <span class='ocrx_word' id='word_1_103' title='bbox 735 2855 837 2923; x_wconf 81' lang='lat' dir='ltr'><strong>fistula</strong></span> <span class='ocrx_word' id='word_1_104' title='bbox 857 2860 955 2938; x_wconf 71' lang='lat' dir='ltr'><strong>vivet,</strong></span> 
     </span>
     <span class='ocr_line' id='line_1_23' title="bbox 260 2961 954 3050; baseline 0.001 -23"><span class='ocrx_word' id='word_1_105' title='bbox 260 2961 386 3028; x_wconf 73' lang='lat' dir='ltr'><strong>Rustica</strong></span> <span class='ocrx_word' id='word_1_106' title='bbox 405 2984 502 3044; x_wconf 87' lang='lat' dir='ltr'><strong>mox,</strong></span> <span class='ocrx_word' id='word_1_107' title='bbox 529 2961 640 3026; x_wconf 87' lang='lat' dir='ltr'><strong>eadem</strong></span> <span class='ocrx_word' id='word_1_108' title='bbox 659 2961 780 3028; x_wconf 73' lang='lat' dir='ltr'><strong>Mania</strong></span> <span class='ocrx_word' id='word_1_109' title='bbox 801 2961 954 3050; x_wconf 90' lang='lat' dir='ltr'><strong>Calliope.</strong></span> 
     </span>
    </p>
   </div>
   <div class='ocr_carea' id='block_1_8' title="bbox 646 3107 729 3176">
    <p class='ocr_par' dir='ltr' id='par_1_14' title="bbox 646 3107 729 3176">
     <span class='ocr_line' id='line_1_24' title="bbox 646 3107 729 3176; baseline 0.024 -2"><span class='ocrx_word' id='word_1_110' title='bbox 646 3107 729 3176; x_wconf 74' lang='lat'><strong>432·</strong></span> 
     </span>
    </p>
   </div>
   <div class='ocr_carea' id='block_1_9' title="bbox 220 3191 1070 3716">
    <p class='ocr_par' dir='ltr' id='par_1_15' title="bbox 220 3191 1070 3716">
     <span class='ocr_line' id='line_1_25' title="bbox 500 3191 840 3261; baseline -0.012 -1"><span class='ocrx_word' id='word_1_111' title='bbox 500 3222 502 3226; x_wconf 93' lang='lat'>·</span> <span class='ocrx_word' id='word_1_112' title='bbox 530 3191 840 3261; x_wconf 79' lang='lat' dir='ltr'><strong>Maximianus.</strong></span> 
     </span>
     <span class='ocr_line' id='line_1_26' title="bbox 222 3293 946 3396; baseline -0.004 -21"><span class='ocrx_word' id='word_1_113' title='bbox 222 3310 375 3385; x_wconf 81' lang='lat' dir='ltr'><strong>Carmine</strong></span> <span class='ocrx_word' id='word_1_114' title='bbox 397 3307 541 3374; x_wconf 81' lang='lat' dir='ltr'><strong>bucolico</strong></span> <span class='ocrx_word' id='word_1_115' title='bbox 562 3309 659 3392; x_wconf 82' lang='lat' dir='ltr'><strong>nilui,</strong></span> <span class='ocrx_word' id='word_1_116' title='bbox 688 3293 946 3396; x_wconf 59' lang='lat' dir='ltr'><strong>milioribusssgn‘</strong></span> 
     </span>
     <span class='ocr_line' id='line_1_27' title="bbox 262 3412 936 3494; baseline 0.003 -16"><span class='ocrx_word' id='word_1_117' title='bbox 262 3415 335 3480; x_wconf 85' lang='lat' dir='ltr'><strong>Iura</strong></span> <span class='ocrx_word' id='word_1_118' title='bbox 357 3413 447 3494; x_wconf 89' lang='lat' dir='ltr'><strong>dedi,</strong></span> <span class='ocrx_word' id='word_1_119' title='bbox 469 3412 570 3478; x_wconf 88' lang='lat' dir='ltr'><strong>cecini</strong></span> <span class='ocrx_word' id='word_1_120' title='bbox 590 3413 672 3479; x_wconf 84' lang='lat' dir='ltr'><strong>bella</strong></span> <span class='ocrx_word' id='word_1_121' title='bbox 694 3413 809 3478; x_wconf 78' lang='lat' dir='ltr'><strong>Latina</strong></span> <span class='ocrx_word' id='word_1_122' title='bbox 830 3412 936 3480; x_wconf 89' lang='lat' dir='ltr'><strong>simul.</strong></span> 
     </span>
     <span class='ocr_line' id='line_1_28' title="bbox 220 3515 1070 3610; baseline 0.006 -24"><span class='ocrx_word' id='word_1_123' title='bbox 220 3519 351 3605; x_wconf 80' lang='lat' dir='ltr'><strong>Iamque</strong></span> <span class='ocrx_word' id='word_1_124' title='bbox 370 3518 416 3582; x_wconf 73' lang='lat' dir='ltr'><strong>ad&#39;</strong></span> <span class='ocrx_word' id='word_1_125' title='bbox 430 3518 526 3583; x_wconf 82' lang='lat' dir='ltr'><strong>lustra</strong></span> <span class='ocrx_word' id='word_1_126' title='bbox 547 3517 657 3581; x_wconf 90' lang='lat' dir='ltr'><strong>decem</strong></span> <span class='ocrx_word' id='word_1_127' title='bbox 678 3515 775 3584; x_wconf 78' lang='lat' dir='ltr'><strong>Titan</strong></span> <span class='ocrx_word' id='word_1_128' title='bbox 796 3532 963 3586; x_wconf 78' lang='lat' dir='ltr'><strong>accesserat</strong></span> <span class='ocrx_word' id='word_1_129' title='bbox 982 3525 1070 3610; x_wconf 77' lang='lat' dir='ltr'><strong>alter,</strong></span> 
     </span>
     <span class='ocr_line' id='line_1_29' title="bbox 266 3619 1047 3716; baseline 0.014 -33"><span class='ocrx_word' id='word_1_130' title='bbox 266 3621 351 3684; x_wconf 86' lang='lat' dir='ltr'><strong>Cum</strong></span> <span class='ocrx_word' id='word_1_131' title='bbox 371 3620 427 3685; x_wconf 78' lang='lat' dir='ltr'><strong>ribi</strong></span> <span class='ocrx_word' id='word_1_132' title='bbox 448 3643 502 3686; x_wconf 88' lang='lat' dir='ltr'><strong>me</strong></span> <span class='ocrx_word' id='word_1_133' title='bbox 522 3621 643 3712; x_wconf 84' lang='lat' dir='ltr'><strong>rapuit,</strong></span> <span class='ocrx_word' id='word_1_134' title='bbox 664 3619 816 3699; x_wconf 78' lang='lat' dir='ltr'><strong>Mantua,</strong></span> <span class='ocrx_word' id='word_1_135' title='bbox 841 3622 1047 3716; x_wconf 74' lang='lat' dir='ltr'><strong>Parthenope.</strong></span> 
     </span>
    </p>
   </div>
   <div class='ocr_carea' id='block_1_10' title="bbox 144 3755 1145 4200">
    <p class='ocr_par' dir='ltr' id='par_1_16' title="bbox 144 3755 1145 4200">
     <span class='ocr_line' id='line_1_30' title="bbox 144 3755 1145 3888; baseline 0.016 -38"><span class='ocrx_word' id='word_1_136' title='bbox 144 3836 147 3845; x_wconf 90' lang='lat'><strong>.</strong></span> <span class='ocrx_word' id='word_1_137' title='bbox 284 3785 371 3852; x_wconf 77' lang='grc' dir='ltr'><strong>ΧΗ.</strong></span> <span class='ocrx_word' id='word_1_138' title='bbox 399 3755 684 3874; x_wconf 60' lang='lat' dir='ltr'><strong>rauranum...</strong></span> <span class='ocrx_word' id='word_1_139' title='bbox 703 3788 891 3860; x_wconf 69' lang='lat' dir='ltr'><strong>rutarum</strong></span> <span class='ocrx_word' id='word_1_140' title='bbox 909 3797 1084 3888; x_wconf 57' lang='lat' dir='ltr'><strong>epitaphii</strong></span> <span class='ocrx_word' id='word_1_141' title='bbox 1143 3830 1145 3856; x_wconf 74' lang='lat'>÷</span> 
     </span>
     <span class='ocr_line' id='line_1_31' title="bbox 209 3893 879 3984; baseline 0.007 -40"><span class='ocrx_word' id='word_1_142' title='bbox 209 3893 210 3900; x_wconf 76' lang='grc'>’</span> <span class='ocrx_word' id='word_1_143' title='bbox 475 3912 477 3918; x_wconf 71' lang='grc'>’</span> <span class='ocrx_word' id='word_1_144' title='bbox 530 3895 562 3946; x_wconf 85' lang='grc' dir='ltr'><strong>Ρ.</strong></span> <span class='ocrx_word' id='word_1_145' title='bbox 583 3893 688 3984; x_wconf 82' lang='lat' dir='ltr'><strong>Virgilii</strong></span> <span class='ocrx_word' id='word_1_146' title='bbox 705 3894 827 3949; x_wconf 83' lang='lat' dir='ltr'><strong>Maronis.</strong></span> <span class='ocrx_word' id='word_1_147' title='bbox 877 3944 879 3949; x_wconf 90' lang='lat'><strong>.</strong></span> 
     </span>
     <span class='ocr_line' id='line_1_32' title="bbox 613 3995 726 4098; baseline 0.027 -3"><span class='ocrx_word' id='word_1_148' title='bbox 613 3995 726 4098; x_wconf 73' lang='lat' dir='ltr'><strong>us·</strong></span> 
     </span>
     <span class='ocr_line' id='line_1_33' title="bbox 524 4107 839 4200; baseline 0.01 -24"><span class='ocrx_word' id='word_1_149' title='bbox 524 4107 839 4200; x_wconf 82' lang='lat' dir='ltr'><strong>Asclepiadius.</strong></span> 
     </span>
    </p>
   </div>
   <div class='ocr_carea' id='block_1_11' title="bbox 223 4211 1166 4414">
    <p class='ocr_par' dir='ltr' id='par_1_17' title="bbox 223 4211 1166 4414">
     <span class='ocr_line' id='line_1_34' title="bbox 223 4211 1166 4308; baseline 0.01 -30"><span class='ocrx_word' id='word_1_150' title='bbox 223 4211 366 4298; x_wconf 67' lang='lat' dir='ltr'><strong>Tityron</strong></span> <span class='ocrx_word' id='word_1_151' title='bbox 387 4235 423 4278; x_wconf 88' lang='lat' dir='ltr'><strong>sc</strong></span> <span class='ocrx_word' id='word_1_152' title='bbox 444 4225 560 4299; x_wconf 78' lang='lat' dir='ltr'><strong>segetes</strong></span> <span class='ocrx_word' id='word_1_153' title='bbox 588 4213 693 4278; x_wconf 88' lang='lat' dir='ltr'><strong>cecini</strong></span> <span class='ocrx_word' id='word_1_154' title='bbox 708 4213 802 4280; x_wconf 91' lang='lat' dir='ltr'><strong>Maro</strong></span> <span class='ocrx_word' id='word_1_155' title='bbox 826 4226 855 4282; x_wconf 85' lang='lat' dir='ltr'><strong>et</strong></span> <span class='ocrx_word' id='word_1_156' title='bbox 875 4239 963 4287; x_wconf 84' lang='lat' dir='ltr'><strong>arma</strong></span> <span class='ocrx_word' id='word_1_157' title='bbox 986 4221 1166 4308; x_wconf 87' lang='lat' dir='ltr'><strong>virumque.</strong></span> 
     </span>
     <span class='ocr_line' id='line_1_35' title="bbox 260 4313 964 4414; baseline 0.007 -31"><span class='ocrx_word' id='word_1_158' title='bbox 260 4313 390 4383; x_wconf 74' lang='lat' dir='ltr'><strong>Mantua</strong></span> <span class='ocrx_word' id='word_1_159' title='bbox 411 4339 465 4384; x_wconf 84' lang='lat' dir='ltr'><strong>me</strong></span> <span class='ocrx_word' id='word_1_160' title='bbox 484 4315 609 4407; x_wconf 77' lang='lat' dir='ltr'><strong>genuit,</strong></span> <span class='ocrx_word' id='word_1_161' title='bbox 629 4315 828 4409; x_wconf 81' lang='lat' dir='ltr'><strong>Parthenope</strong></span> <span class='ocrx_word' id='word_1_162' title='bbox 844 4323 964 4414; x_wconf 76' lang='lat' dir='ltr'><strong>sepelit.</strong></span> 
     </span>
    </p>
   </div>
   <div class='ocr_carea' id='block_1_12' title="bbox 0 0 1511 4820">
    <p class='ocr_par' dir='ltr' id='par_1_18' title="bbox 0 0 1511 4820">
     <span class='ocr_line' id='line_1_36' title="bbox 0 0 1511 4820; baseline 0 0"><span class='ocrx_word' id='word_1_163' title='bbox 0 0 1511 4820; x_wconf 95' lang='lat' dir='ltr'><strong> </strong></span> 
     </span>
    </p>
   </div>
  </div>
 </body>
</html>
