3002 4816
601 207 799 304 „Q

661 402 744 478 548·

512 504 693 596 Vincentii
712 513 888 580 leedro.

233 622 325 691 Victa
345 624 464 714 pudor,
487 647 646 714 compone
665 649 791 714 preces,
812 638 930 691 secreta
952 625 1090 693 duorum

230 727 358 796 Tertius
380 731 514 817 ignoret.
556 718 745 796 sitientum
774 732 864 796 litera
886 732 982 815 testis,

229 835 419 902 Inmensum
440 837 583 900 locutura
602 835 701 900 nefas.
743 837 848 902 Metus
869 836 981 900 unicus
1003 849 1102 923 urget,
1150 873 1154 880 ·

230 938 284 1004 Ne
304 953 408 1028 speret
428 937 570 1020 iuvenis,
590 939 739 1006 lacrimas
761 929 892 1004 finiisse
912 963 1101 1008 novercam.

145 1051 166 1111 5
225 1044 314 1107 Hinc
334 1056 441 1110 tamen
460 1043 629 1132 incipiam..
668 1044 758 1113 Coeli
780 1056 928 1130 regnator
949 1044 1080 1125 amavit,

228 1150 271 1214 Et
289 1149 444 1213 thalamos
464 1160 548 1214 tenet
568 1171 632 1213 una
651 1172 765 1229 soror,
791 1169 850 1214 nec
877 1147 1014 1212 crimine
1036 1149 1171 1236 dignum
1192 1169 1247 1242 est,
1299 1137 1303 1154 ¹

227 1250 325 1336 Quod
345 1253 486 1317 mundus
509 1275 583 1316 cum
604 1253 674 1340 lege
695 1249 779 1316 facit.
823 1250 964 1314 Telluris
985 1251 1132 1322 alumnus

227 1354 321 1420 Unus
341 1357 376 1422 in
396 1358 476 1423 orbe
495 1355 574 1439 fuit3
601 1357 690 1420 nulla
711 1367 756 1420 est
777 1355 922 1440 cognatm
942 1357 1056 1443 plebis.

225 1457 386 1524 Venimus
408 1483 449 1527 ex
470 1485 534 1526 uno
555 1449 650 1526 minti
670 1472 777 1548 patre,
798 1473 919 1540 matre,
941 1485 1062 1541 sorore,

142 1575 184 1634 10
226 1564 280 1628 Ne
301 1579 421 1630 metuas
442 1564 583 1648 facinus3
606 1587 672 1629 non
694 1565 766 1627 vult
786 1563 848 1628 hoc
867 1564 949 1628 scire
973 1567 1109 1654 Cupido.

223 1669 341 1756 Pignus
363 1671 455 1736 habet
476 1672 612 1751 tabulas,
639 1691 693 1732 rea
713 1691 788 1732 sum
809 1690 955 1754 semper,
988 1691 1043 1734 rea
1063 1675 1141 1737 sola.

132 1789 135 1796 ’
223 1773 287 1838 Sed
308 1774 336 1838 si
357 1775 543 1860 virgineum
563 1773 753 1836 suffundsmt
773 1793 831 1835 ora
850 1771 1018 1852 ruborem,

222 1879 288 1942 Vel
308 1890 457 1962 negatore
476 1877 569 1959 veni,
596 1878 689 1942 liceat
708 1865 851 1964 sperare,
873 1887 1041 1962 rogantem

222 1983 264 2046 Et
285 1979 384 2046 fastus
405 1983 540 2046 tolerare
560 1993 649 2058 tuos3
670 2003 783 2066 sequar
807 2001 864 2042 ora
884 1979 1026 2066 superbi,
1046 1965 1051 1977 Χ

138 2097 180 2160 15
224 2085 345 2152 Oscula
365 2085 523 2174 suspensis
547 2085 684 2172 defigam
704 2086 828 2172 singula
849 2083 985 2172 plantis;

219 2191 278 2255 Me
302 2191 421 2255 cruciet
442 2190 585 2278 captivus
606 2215 714 2274 amor,
731 2213 846 2254 nemus
872 2213 970 2254 omne
990 2195 1120 2261 resultet

219 2297 458 2385 Hippolytum,
490 2319 663 2382 secumque
682 2295 764 2362 serat
784 2319 853 2360 vox
873 2295 985 2359 ultima
1005 2319 1138 2366 nomeu.

219 2402 336 2466 Testor
357 2399 476 2465 amoris
498 2425 579 2469 onus
605 2403 805 2488 Venerisque
824 2399 964 2486 insignia
983 2412 1119 2488 nostrae,

218 2506 311 2570 Dum
332 2508 426 2589 volo,
450 2506 531 2570 dum
551 2509 644 2614 uoIO,
667 2507 744 2572 dum
769 2504 903 2608 vincor,
932 2503 1056 2590 scribo,
1083 2504 1248 2613 repugno,

133 2623 177 2684 20
219 2611 392 2699 Suspensos
414 2611 498 2676 collo
519 2612 649 2698 laqueos
670 2624 820 2699 rogatura
840 2601 972 2676 resolvi·

346 2863 575 2952 'Coronati
606 2884 712 2950 Viri
739 2884 1003 2951 Clarissimi.

421 2991 532 3042 Thema.
572 2987 666 3054 Incipit
686 2989 758 3039 locus
782 2987 954 3055 Virgilianos:

247 3063 324 3123 Vivo
348 3063 483 3140 equidem
503 3065 655 3138 vitamque
675 3071 807 3116 extrema
830 3063 1010 3134 peremnia
1032 3056 1120 3116 duco.

216 3204 344 3293 Aspera
365 3201 492 3268 diverso
516 3203 643 3266 laxatur
666 3200 731 3265 vita
758 3198 880 3283 dolore,
928 3209 933 3217 '

214 3311 256 3375 Et
277 3309 378 3374 morti
398 3306 522 3373 vicinus
545 3330 597 3388 eo,
625 3305 773 3391 vivitque
792 3305 898 3372 dolori

216 3411 325 3500 Aegra
346 3414 439 3494 salus,
459 3425 581 3496 nostras
602 3410 747 3486 ,cruciant
767 3411 846 3476 dum
866 3411 997 3478 flamina
1018 3425 1150 3494 mentes,

214 3520 309 3584 Vitae
329 3520 419 3584 flatus
441 3518 516 3582 abit·
560 3518 705 3602 Quantus
725 3529 797 3604 post
817 3517 971 3602 Pergama
993 3522 1098 3580 casus!

130 3639 151 3698 5
209 3625 300 3688 Vidit
320 3624 407 3688 enim
428 3623 589 3710 praeclara
610 3644 736 3703 manus,
764 3643 842 3706 quos
863 3645 956 3709 saepe
979 3621 1105 3686 dolores

118 3711 121 3720 ¹
212 3729 364 3810 Pertulit,
394 3739 486 3812 atque
506 3727 622 3791 iterum
644 3748 718 3812 quas
739 3724 836 3789 sensit
856 3725 958 3790 Troia
977 3725 1096 3789 ruinas.

214 3835 288 3898 Plus
310 3831 421 3896 cecidit
441 3843 511 3918 post
529 3829 592 3894 fata
613 3825 802 3917 Phrygum,
833 3853 918 3894 nunc
939 3831 1007 3919 ipsa
1028 3845 1165 3898 cremata
1185 3830 1231 3900 est

211 3939 251 4004 In
271 3937 350 4002 natis
370 3937 498 4000 incensa
518 3935 597 4016 suis,
624 3935 830 4021 recidivaque
853 3937 952 4001 morti

208 4045 318 4108 Iuncta
339 4053 400 4124 est,
421 4053 451 4105 et
472 4062 597 4104 caesum
617 4041 737 4105 meruit
757 4041 938 4106 miseranda
958 4043 1125 4108 maritum.

125 4167 168 4227 10
210 4151 241 4214 T
243 4147 365 4214 raditur
384 4143 506 4210 infestis
527 4167 656 4232 semper
676 4167 763 4215 nova
784 4159 881 4233 nupta
900 4147 1061 4234 procellis,

208 4259 251 4324 Et
270 4253 417 4317 flammas
439 4249 532 4314 habet
551 4249 620 4336 ipsa
648 4271 734 4330 suas,
763 4251 927 4337 taedasque
951 4250 1112 4315 ministrat

159 4375 195 4436 r.
215 4374 237 4430 1.
920 4363 923 4368 ’
993 4367 1031 4426 13
