3002 4816
724 214 796 290 206

660 307 861 324 *namna—q

592 530 757 597 Herculis
779 528 958 617 elogium&

300 648 453 714 Transivi
474 645 650 734 intrepidus
670 668 729 734 per
748 645 841 709 mille
860 641 999 731 pericula
1023 643 1137 718 uictor.

296 755 374 818 Non
393 753 473 817 acies
496 751 592 834 ferri,
611 774 679 816 non
700 751 810 816 clausis
831 748 959 814 moenia
979 749 1080 836 portis

299 859 436 922 Conatus
456 868 585 921 tenuere
607 877 708 922 meos.
750 856 870 920 Domat
891 853 1001 920 omnia
1023 853 1134 920 virtus.

725 1023 810 1096 581·

561 1130 729 1201 Hercules
750 1139 784 1194 et
802 1125 968 1196 Antaeus.

573 1268 593 1310 ο
755 1265 775 1308 0
938 1265 958 1309 o

301 1355 392 1420 Litus
413 1374 583 1418 arenosum
603 1349 731 1436 Libyae
751 1346 891 1414 eoelestis
913 1347 1014 1434 origo.

302 1457 433 1523 Alcides
456 1455 575 1537 aderat,
601 1465 703 1518 terrae
721 1451 945 1538 omnipotentis
967 1451 1134 1520 alumnum

303 1561 408 1627 Caede
428 1582 515 1625 nova
536 1580 686 1645 quaerens
707 1568 738 1620 et
760 1554 958 1620 ineluctabile
978 1554 1089 1621 fatum.

302 1664 451 1730 Protinus
471 1661 651 1744 Antaeum,
671 1672 762 1726 vasta
781 1684 815 1726 se
834 1661 923 1734 mole
942 1673 1140 1742 moventem,

218 1786 240 1846 5
304 1770 462 1851 Occupat3
486 1765 557 1848 ille,
583 1788 662 1842 auae¹
679 1778 788 1830 contra
808 1788 875 1829 non
895 1763 1058 1830 inmemor
1079 1767 1163 1849 artis,

306 1869 456 1939 Concidit
476 1880 566 1953 atque
586 1890 691 1934 novae
710 1869 835 1934 rediere
854 1868 889 1932 in
911 1868 1030 1955 praelia
1051 1869 1148 1934 vires.

305 1979 450 2065 Adrepta
470 1976 582 2039 tellure
602 1975 703 2039 semel
724 1973 796 2040 vim
818 1995 958 2037 crescere
978 1972 1082 2056 victis,

304 2083 383 2148 Non
403 2080 475 2144 tulit
495 2076 627 2142 Alcides
649 2089 681 2143 et
701 2091 785 2144 terra
807 2077 950 2142 sublevat
969 2077 1087 2161 ipsum.

303 2187 454 2268 Namque
482 2204 595 2246 manus
616 2183 699 2247 inter
721 2194 887 2246 conantem
910 2194 940 2246 et
959 2183 1100 2269 plurima
1120 2183 1237 2250 frustra

222 2307 262 2366 10
306 2287 450 2375 Corripit
471 2287 505 2350 in
527 2287 666 2367 nodum,
687 2285 821 2370 nisuque
840 2284 978 2350 inmotus
1002 2290 1116 2354 eodem

305 2391 479 2460 Auxilium
500 2390 631 2453 solitum
652 2389 781 2475 eripuit,
811 2411 985 2474 corpusque
1005 2415 1063 2478 per
1084 2392 1195 2476 ingens

306 2499 385 2562 Non
401 2496 471 2559 iam
491 2504 593 2557 mater
614 2492 669 2556 alit
689 2492 800 2554 Tellus
829 2491 976 2577 viresque
997 2494 1165 2558 ministrat.

306 2602 433 2666 Verum
453 2599 508 2663 nbi
528 2599 616 2662 nulla
637 2597 727 2661 datur
748 2595 858 2660 dextra
878 2595 1049 2662 adtrectare
1073 2611 1217 2687 potestas,

305 2705 404 2769 lllum
426 2704 655 2790 exspirantem,
680 2723 836 2787 magnum
857 2699 944 2763 Iovis
965 2700 1209 2786 incrementum,

225 2825 265 2888 15
307 2807 439 2874 Excutit
459 2807 654 2893 ellhnditque
675 2807 755 2870 solo.
798 2805 875 2870 Ruit
895 2803 950 2867 ille
971 2808 1096 2870 volutus

306 2913 363 2980 Ad
383 2926 518 2995 terram,
538 2933 604 2976 non
625 2909 873 3005 spontefluens,
894 2909 1021 2997 vitaque
1040 2913 1177 2985 recessit.

686 3165 860 3234 Veneri.

309 3286 397 3350 Haec
418 3280 485 3364 tibi,
507 3282 583 3346 diva
604 3281 726 3364 Venus,
752 3282 881 3368 deponit
904 3304 1038 3348 munera
1060 3283 1163 3370 Sylla,
1255 3295 1256 3298 ’

309 3390 358 3454 Ut
378 3409 493 3451 somno
515 3386 654 3450 monitus
676 3387 789 3451 Martis
812 3399 947 3451 armatus
971 3386 1006 3451 in
1028 3390 1125 3452 armis

310 3481 506 3578 Pugnantem
528 3505 619 3579 atque
639 3491 719 3556 acies
748 3504 881 3563 armatas
901 3490 984 3557 inter
1006 3506 1161 3579 agentem.

739 3641 822 3712 583·

310 3754 421 3820 Prima
443 3758 594 3824 Cleonaei
613 3757 742 3826 tolerata
764 3781 916 3823 aerumna
936 3759 1066 3843 Leonis,

261 3886 269 3906 κ
311 3860 465 3926 Proxima
486 3863 665 3928 Lernaeam
688 3860 773 3926 ferro
795 3876 825 3927 et
851 3861 921 3930 face
945 3865 1087 3930 contudit
1106 3867 1261 3952 hydram,

314 3965 397 4030 Mox
420 3965 676 4052 Erymantheum
698 3967 746 4031 vis
768 3968 858 4031 tertia
879 3970 1013 4055 perculit
1034 3993 1158 4059 aprum,

299 4069 485 4156 ¹Aeriprdis
507 4085 616 4156 quarto
638 4072 706 4138 tulit
728 4095 820 4136 aurea
844 4096 961 4138 cornua
983 4075 1081 4157 cervi,

230 4189 251 4251 5
314 4174 551 4259 Stymphalidas
575 4179 695 4263 pepulit
714 4179 861 4242 volucres
882 4177 1068 4242 discrimine
1091 4178 1211 4263 quinto,

314 4277 502 4344 Threiciam
522 4293 611 4346 sexto
631 4282 781 4367 spoliavit
800 4281 970 4348 Amazona
987 4281 1123 4346 baltheo.
