2992 4826
595 249 802 356 ...L

231 443 363 514 Turnus
384 440 489 525 adest,
514 453 625 509 monet
646 463 738 508 arma
756 439 820 508 att
841 442 1000 512 connata
1020 456 1133 516 sumat

230 550 322 618 Tum
344 559 450 638 gentes
470 547 556 616 socia
577 567 669 616 arma
689 546 812 633 ferunt,
844 545 957 616 fremit
983 569 1075 616 arma
1099 549 1260 618 iuventus»

234 777 278 850 Ut
297 777 374 849 belli
393 778 661 869 signum'eeeinit
682 777 857 866 sociosque
867 778 1001 846 vocavit

230 886 361 953 Turnus
383 899 414 954 et
433 887 471 954 iu
490 885 597 953 varias
613 883 758 952 turbatus
778 895 908 974 pectora
931 897 1054 957 mentes

146 996 190 1068 45
230 987 359 1060 Aeneas
379 991 562 1059 Evandron
582 991 665 1076 adit,
688 987 764 1055 facit
782 988 918 1079 hoqritis
938 1013 1034 1058 usum

230 1093 339 1186 Atque
359 1117 497 1186 operum
518 1117 645 1181 causas,
679 1093 768 1164 urbis
789 1094 950 1181 cognoscit
969 1095 1120 1184 honores,

232 1199 341 1268 Arma
361 1214 470 1289 reget,
498 1203 660 1293 Cytherea
679 1211 787 1290 rogat,
811 1221 893 1266 mox
914 1201 1028 1291 ancipit
1047 1202 1154 1279 herus.

231 1306 349 1397 Tuque
368 1331 466 1400 opere
485 1319 532 1378 ast
547 1308 634 1400 piget
653 1304 729 1374 facti
749 1306 840 1378 labor
860 1307 956 1375 efficit
973 1321 1086 1376 artem.

670 1433 722 1501 IX

230 1539 339 1629 Atque
359 1563 395 1608 ea
416 1539 545 1607 diversa
564 1537 690 1632 penitus
712 1539 791 1606 dum
810 1551 902 1630 parte
924 1555 1087 1630 geruntur,

144 1655 190 1738 50
231 1644 293 1713 Iris
316 1645 418 1730 adest,
447 1658 561 1712 monet
582 1669 673 1712 arma
693 1643 756 1712 sini
775 1646 934 1712 'contraria
954 1659 1070 1721 sumat.

233 1751 414 1818 Caeduntur
436 1751 551 1838 vigiles
573 1762 604 1817 et
623 1763 735 1817 mutua
755 1771 892 1838 corpore
915 1749 1068 1833 fratrum„

231 1856 332 1925 Nisus
353 1867 383 1920 et
403 1855 554 1922 Eurialus
578 1867 686 1921 morte
703 1865 736 1919 et
754 1853 870 1943 pietate
891 1853 1000 1922 fideles
1008 1875 1021 1936 ς-

229 1963 385 2050 Dumque
404 1973 517 2049 petunt
536 1960 682 2042 laudem,
703 1959 838 2026 vineunt
853 1959 1019 2026 contraria
1040 1959 1113 2050 iata,

234 2065 405 2134 Audacem
424 2066 602 2135 Remulum
623 2066 688 2135 leto
701 2065 762 2135 ,dat
784 2064 918 2156 pulcher
938 2065 1034 2134 tuus

683 2191 729 2258 X.

148 2309 193 2375 55
235 2297 389 2367 Panditur
408 2297 529 2366 interea
551 2298 677 2366 eoelum
698 2297 850 2387 sedesque
867 2300 1036 2386 Tonantis,

232 2403 388 2474 Auernos
411 2415 533 2492 questus
556 2403 668 2472 Venus
688 2426 726 2472 ac
747 2405 894 2474 Saturnia
914 2419 1080 2497 promunt.

233 2512 294 2580 Hla
315 2511 424 2594 dolos,
443 2508 522 2575 haec
542 2507 626 2577 bella
646 2521 776 2596 movet,
796 2512 853 2578 sed
873 2512 1013 2586 vincitur
1034 2513 1083 2580 ira

233 2617 351 2685 Mater.
391 2613 440 2685 At
459 2615 587 2684 Aeneas
608 2614 695 2682 bello
714 2639 782 2684 non
799 2619 930 2707 segnior
948 2618 1052 2703 instat,

231 2721 379 2788 Vulnere
399 2721 542 2790 Mezenti
560 2721 708 2788 laudaem
728 2745 808 2789 nam
823 2723 942 2790 fecerat
962 2723 1057 2806 iram,

151 2837 194 2902 60
235 2827 345 2916 Quem
365 2827 466 2916 tetigit
486 2827 606 2913 virtus,
633 2840 760 2918 superat
780 2851 839 2920 per
858 2828 921 2896 fata
938 2829 1109 2921 periclum.

237 3059 405 3126 Oceanum
426 3059 548 3124 interea
569 3057 717 3126 Phoebus
738 3071 943 3148 superaverat
963 3071 1046 3124 ortu.

235 3161 370 3230 Extruit
389 3160 517 3228 Aeneas
539 3162 652 3228 dextra
673 3161 810 3249 quaesita
829 3173 968 3252 tropaea,

235 3266 355 3337 Condit
375 3253 467 3332 humi
487 3266 606 3352 socios,
631 3265 734 3333 fatum
755 3291 834 3357 qnos
856 3267 1001 3335 condidit
1019 3280 1121 3341 ante..

239 3372 352 3462 Legati
372 3396 525 3463 responsa
547 3369 655 3440 ferunt
675 3372 869 3464 veniamque
889 3375 1022 3464 petitam

151 3489 197 3556 65
238 3479 318 3546 Non
337 3491 431 3568 negat
451 3491 481 3545 et
502 3492 612 3546 contra
632 3490 752 3570 pugnat
771 3501 881 3547 seeura
903 3479 1052 3564 Camilla,

235 3584 371 3652 Femina
392 3586 487 3652 caede
506 3597 635 3675 potens,
664 3607 737 3650 casu
757 3587 926 3657 temeraria
946 3599 1044 3653 tanto.

241 3817 372 3882 Turnus
394 3827 428 3882 ut
447 3813 600 3883 infractos
622 3817 705 3886 vidit
726 3819 854 3886 cessisse
874 3815 1019 3902 Latinos,

238 3923 337 3989 Instat
357 3933 449 3988 atrox
460 3945 584 4010 pugnae
604 3943 697 3990 neces
717 3923 780 3990 sibi
796 3923 935 4014 percipit
951 3923 1049 3992 hostis

238 4030 372 4098 Pectore
391 4041 511 4094 secreto
532 4029 672 4096 violatur
690 4032 828 4098 vulnere
847 4031 912 4116 teli,

154 4146 198 4210 70
240 4135 366 4203 Aeneas
387 4155 478 4198 censa
497 4147 561 4214 est3
582 4134 632 4201 illi
654 4137 786 4204 Iuturna
804 4137 931 4224 neganti

240 4239 357 4307 Adfuit
378 4239 540 4328 obsequio,
564 4263 665 4328 quum
686 4263 776 4326 mers
794 4241 947 4314 finiverat
963 4244 1060 4311 iram.

242 4345 303 4412 Sed
324 4369 379 4414 sua
404 4346 466 4416 sata
487 4347 598 4417 virum
621 4361 785 4419 naxemt
805 4369 957 4442 quaerere
978 4356 1130 4418 monem·
