2876 4824
29 2303 37 2346 'r

29 4159 35 4212 l

629 201 687 252 v11

553 274 759 294 m

76 387 172 458 bur.
230 383 350 454 Omisi
375 382 471 454 enim
493 385 688 476 pessimas,
713 385 753 453 in
781 383 909 476 quibus
933 385 1108 460 sententia
1133 391 1213 458 ab·-

29 527 30 530 =
83 485 233 572 surda,
259 484 372 555 verbu
390 484 558 573 barbara,
583 483 728 554 numeri
751 485 934 554 innumeri
959 500 1080 576 erant,
1115 513 1201 579 quas

83 585 254 655 omnino
287 583 385 653 haud
415 593 686 672 ornamentum,
726 607 853 656 verum
887 585 1040 654 dedecus
1069 587 1201 656 latinae

83 707 256 778 poeseos
283 707 363 752 esse
380 685 582 776 apparebat.
632 685 724 752 Item
749 707 807 752 eas
825 685 979 772 exclusi,
1005 686 1044 752 in
1070 687 1213 777 quibus,

84 807 176 853 non
204 783 335 851 laetam
359 796 523 856 veterum
550 783 858 874 superstitionem,
884 783 948 854 sed
973 783 1199 854 Christianae

85 884 290 974 religionis
314 885 542 954 severitatem
556 884 682 974 vigere
706 884 912 952 sentiebam.
960 882 1038 952 Nec
1064 883 1199 954 volun·-

85 997 151 1054 tas
179 995 305 1050 tamen
330 983 421 1052 mihi
446 981 579 1069 deluit,
613 980 852 1074 Anthologiae
876 1005 995 1052 sacrae
1022 983 1215 1074 appendi--

90 1107 181 1152 cem
209 1083 419 1172 adjiciendi,
456 1104 602 1169 verum,
635 1105 683 1152 ne
707 1083 840 1151 nindus
865 1084 961 1152 foret
985 1081 1094 1168 liber,
1128 1107 1198 1152 ve·
1264 1125 1269 1134 ·

88 1183 222 1251 rebar.
273 1183 345 1250 Sed
376 1185 427 1250 sio
462 1204 605 1274 quoque
636 1182 772 1276 aliquot
786 1237 789 1243 .
804 1182 1011 1251 Christiaha
1034 1191 1198 1274 poemata

90 1284 240 1368 insunt,
266 1306 357 1375 quae
374 1282 440 1350 etsi
451 1283 587 1351 invitus
605 1283 733 1351 ceteris
747 1283 943 1364 immiscuit
955 1281 1196 1350 Burmannus.

112 1413 116 1420 ·
157 1405 177 1471 j
204 1380 431 1474 Quicumque
463 1381 509 1450 de
531 1379 748 1474 Anthologia
775 1381 886 1450 latina
915 1393 1013 1451 recte
1037 1379 1210 1452 iudicare·

90 1481 220 1568 tolet,
248 1505 314 1550 nec
337 1481 432 1554 bona
444 1488 559 1549 totam
583 1504 651 1550 nec
664 1481 906 1551 mala'habere
927 1483 1083 1550 carmina
1108 1507 1212 1552 sen-¹

88 1583 187 1670 tiet,
239 1581 303 1650 sed
336 1582 455 1674 potius
483 1581 592 1650 bonis
623 1581 716 1662 mela
746 1583 953 1650 intermixta
978 1605 1071 1666 esse,
1121 1583 1215 1648 imo·

90 1679 262 1774 plurima
286 1681 326 1748 ei·
343 1683 481 1766 inesse,
516 1703 606 1772 quae
629 1681 833 1750 litterarum
857 1681 1104 1748 Romanarum
1128 1681 1215 1746 de-.

90 1780 204 1850 liciae
236 1803 324 1851 vere
356 1779 528 1871 appellari
557 1782 721 1872 possint,
756 1801 825 1844 nec
856 1797 969 1865 pauca
1000 1778 1196 1865 continere,

91 1881 231 1974 quibus
256 1882 295 1947 in
321 1881 450 1948 ceteris
484 1881 603 1968 poetis
626 1877 719 1943 nihil
743 1874 817 1941 iere
839 1875 958 1942 simile
981 1876 1197 1968 inveniatur,

92 1980 220 2073 qualia
245 1979 558 2068 suutsragmenta
571 1973 756 2061 Varronis,
781 1971 938 2062 Laberii,
964 1973 1084 2044 Publii
1102 1975 1213 2066 Syris

92 2079 248 2148 Deinde
275 2077 407 2144 eximia
425 2077 520 2141 inter
533 2073 676 2165 Virgilii
691 2071 869 2140 Catalecta
883 2083 1007 2141 extare
1028 2075 1196 2161 carmina,

95 2189 135 2248 ut
170 2174 269 2244 illud
300 2170 458 2240 Sabinus
495 2171 555 2239 ille
585 2195 688 2265 quem
717 2169 849 2240 videtis
885 2169 1042 2264 hospites
1073 2186 1109 2243 et
1140 2174 1212 2242 1101

95 2277 210 2358 hinc,
235 2272 378 2361 manes,
411 2273 480 2355 ite,
513 2269 694 2340 rhetorum
719 2271 905 2363 ampullae
929 2285 966 2342 et
989 2271 1093 2364 plura
1117 2274 1196 2362 alia,

95 2399 209 2446 nemo
227 2373 331 2442 facile
344 2373 410 2443 ibit
421 2373 565 2440 infitias.
615 2371 734 2464 Atque
747 2397 828 2441 cum
851 2372 944 2460 dico,
969 2375 1196 2463 suspicienda
1258 2399 1261 2404 ·

95 2499 176 2547 esse
205 2474 364 2542 carmina
380 2473 564 2563 Priapeia,
590 2496 697 2541 nemo
714 2472 785 2541 hoc
796 2472 988 2542 mirabitur
1011 2473 1194 2560 iudicium,

94 2577 170 2668 qui.
185 2583 411 2644 venustatem
427 2583 612 2663 artemque
627 2595 752 2640 eorum
767 2571 1009 2666 intellexerit,
1037 2573 1104 2640 etsi
1128 2595 1194 2664 ego

95 2697 244 2768 quoque
267 2671 480 2763 plerumque
491 2672 675 2760 dolebam,
699 2683 864 2741 auctores
886 2683 1020 2742 tautam
1044 2674 1083 2741 in
1109 2695 1192 2741 sor·-

95 2773 286 2842 didissimo
306 2782 516 2862 argmnento
542 2771 757 2864 expoliendo
781 2774 1209 2862 consumsisseoperams·

95 2875 272 2942 Poemata
301 2893 412 2962 porro
446 2871 610 2940 Petronii
648 2895 691 2941 eo
723 2871 838 2962 pluris
864 2873 1082 2945 aestimanda
1114 2894 1195 2938 esse

97 2973 209 3060 duco,
238 2972 320 3062 quia
342 2970 381 3036 id
405 2977 556 3062 poeseos
572 2995 685 3064 genus
710 2972 753 3040 ab
774 2973 918 3062 antiqua
942 2971 1211 3040 Romanorum-

95 3073 199 3165 poesi
223 3092 372 3162 prorsus
398 3069 585 3158 abhorret,
620 3073 739 3162 eique,
767 3071 865 3161 quod
888 3072 1022 3135 nostris
1044 3081 1190 3156 tempo-

95 3171 198 3240 ribus
234 3167 402 3254 invaluit,
461 3167 683 3233 simillimum
727 3175 789 3232 est.
819 3235 823 3244 ,
859 3165 948 3232 Post
979 3163 1191 3234 Petronium

97 3269 218 3338 nullus
241 3268 319 3352 fere
342 3277 450 3358 poeta
475 3266 657 3354 excelluit,
697 3265 759 3334 sed
791 3264 1025 3335 nihilominus
1049 3267 1094 3355 ii,
1128 3266 1208 3357 qui»

97 3369 236 3437 litteras
267 3365 518 3434 Romanorum
555 3366 595 3435 in
626 3366 762 3436 ultimis
797 3389 939 3459 quoque
967 3367 1190 3460 temporibus

96 3466 317 3560 perscrutari
348 3479 484 3555 amant,
526 3468 705 3538 seriorum
737 3467 870 3558 aliquot
901 3467 997 3536 haud
1021 3477 1208 3536 contem-·

96 3565 236 3634 nendos
276 3589 355 3633 esse
388 3567 577 3657 putabunt.
646 3565 739 3636 Nam
776 3565 935 3654 Solinus,
982 3565 1187 3655 Pentadius,

97 3663 269 3753 Alcimus,
294 3663 466 3736 Ablavius
482 3665 553 3756 legi
573 3676 770 3736 merentur.
819 3663 1072 3736 AcVandaliai
1092 3661 1207 3758 poe--

98 3776 176 3852 tae,
201 3774 245 3831 ut
268 3761 470 3854 Luxorius,
496 3763 643 3838 Flavius
668 3764 789 3851 Felix,
815 3764 1067 3853 Florentinus,
1084 3789 1186 3856 proa-

96 3875 179 3958 pter
197 3887 271 3931 ¹res
304 3873 340 3933 et
362 3889 514 3954 mores,
535 3867 596 3958 qui
620 3866 660 3932 in
686 3885 810 3932 eormn
839 3868 1015 3956 poematis
1040 3865 1184 3934 'descri-

96 3963 251 4051 buntur,
300 3966 504 4055 cognitione
536 3966 692 4032 maxime
726 3973 810 4032 sunt
850 3964 962 4056 digni.
1023 3963 1184 4035 Omnino

96 4060 316 4154 Anthologia
334 4051 421 4132 haec
435 4063 676 4133 remotissima
694 4061 811 4132 secula
824 4065 1025 4158 coniungit,
1052 4067 1184 4158 quippe

97 4172 171 4232 tam
195 4164 525 4254 antiquissimorum
535 4174 724 4255 poetarum
745 4187 850 4256 quam
865 4165 976 4234 medii
998 4167 1075 4237 aeui
1089 4188 1182 4235 car·-

96 4261 195 4330 mina
218 4261 278 4330 hic
303 4263 483 4354 leguntur.
539 4261 633 4332 Nam
658 4263 914 4356 epigrammata
936 4267 978 4333 iu
1000 4265 1185 4358 Scipiones
