2876 4824
634 309 635 318 ,
763 251 809 301 vr
854 301 859 309 ,

240 437 377 508 diocria
401 433 544 526 quidem
571 453 650 499 esse
673 431 799 504 fateor.
838 435 892 502 .1d
907 435 1115 504 carminum
1130 455 1244 526 genus
1257 435 1340 505 difa-

241 537 438 628 fioillimum
472 554 549 600 esse
579 541 669 621 puto
697 554 765 600 nec
789 535 1070 626 comparantium
1096 559 1178 604 cum
1203 537 1339 604 ceteris

239 635 354 732 poetis
378 631 639 700 Romanorum.
698 629 958 724 inscriptiones
984 637 1081 704 enim
1106 657 1241 705 novum
1265 633 1338 701 lit-

238 749 397 804 terarum
421 729 666 800 Romanarum
691 749 804 822 genus
828 733 982 822 iaciunt,
1008 734 1148 826 quoda
1174 734 1340 811 dictione¹

232 836 418 900 -bonormn
442 841 639 900 auctorum.
652 831 806 900 multum
832 833 949 902 distat.
1008 835 1234 926 Quamquam
1259 855 1337 900 ne-

237 932 314 1022 gari
338 953 413 998 non
430 941 568 1022 potest,
592 930 846 1020 inscriptiones
869 932 1028 1024 publicas
1042 935 1192 1023 privatis
1216 931 1337 1000 multo

238 1053 315 1098 esse
339 1030 627 1122 praestantiores.
683 1029 825 1098 Harum
851 1033 948 1100 enim
972 1057 1091 1102 sermo
1117 1033 1336 1122 plerumque

238 1129 340 1198 rudis
376 1141 429 1198 est
460 1140 496 1196 et
526 1129 778 1222 imperitorum
810 1131 999 1200 hominum
1032 1133 1177 1220 similis,
1213 1131 1335 1198 oratio

236 1229 415 1319 impolita,
442 1240 479 1296 et
502 1230 675 1320 carmina,
703 1253 792 1321 quae
817 1230 855 1298 in
880 1231 924 1297 iis
947 1229 1134 1324 leguntur,
1160 1228 1337 1298 Horatia-

236 1329 295 1394 nis
327 1339 390 1398 aut
414 1328 622 1419 Virgilianis
654 1331 775 1396 multo¹
800 1341 885 1398 sunt
916 1331 1100 1400 inferiora.
1157 1329 1224 1396 Ne·
1239 1351 1334 1399 vero

236 1429 316 1518 quis
340 1427 410 1496 hoc
426 1428 599 1498 iudicium
612 1451 733 1498 meum
756 1429 925 1516 miretur,
949 1429 1173 1517 meminerit,
1198 1451 1335 1518 paucas

234 1539 376 1595 tantum
415 1528 667 1618 inscriptiones
706 1529 872 1596 metricas
913 1552 1118 1620 superesse,
1161 1550 1251 1619 quac
1282 1525 1336 1594 ad

233 1628 357 1718 priora
381 1627 600 1716 reipublicae
614 1637 779 1718 tempora
802 1631 1024 1718 pertineant,
1051 1627 1114 1696 sed
1137 1627 1336 1695 maximam

233 1749 357 1794 earum
390 1737 529 1816 partem
565 1726 609 1792 ad
641 1726 766 1795 infima
795 1750 919 1795 rerum
944 1724 1185 1796 Romanarum
1210 1724 1334 1792 secula

231 1826 464 1893 reiiciendam
491 1847 579 1894 esse·
597 1855 600 1862 ¹
630 1813 714 1912 Quo
732 1837 851 1894 autem
866 1828 1027 1919 singulae
1045 1827 1117 1894 sint
1129 1823 1334 1914 insculptae

231 1924 371 2010 seculo,
399 1924 437 1989 in
462 1923 585 2012 paucis
610 1934 774 1990 accurate
799 1923 943 1995 definiri
966 1936 1105 2018 potest,
1138 1949 1205 1994 nec
1230 1922 1333 1992 aliud

232 2022 426 2112 quidquam
444 2018 634 2108 explorare
647 2043 858 2110 possumus,
884 2049 991 2114 quam
1006 2026 1128 2116 paucis
1145 2014 1343 2112 exceptis,

231 2143 323 2211 quae
347 2131 512 2209 tempora
536 2117 879 2208 Scipionum-atque
904 2121 1074 2189 Mummii
1096 2121 1241 2192 Achaici
1267 2130 1330 2188 atz-

231 2222 396 2308 tingnnt,
422 2218 508 2286 inde
533 2241 553 2284 a
579 2217 720 2286 Tiberii
753 2228 867 2288 aetate
891 2219 1071 2312 usquead
1094 2220 1222 2287 ultima
1246 2220 1330 2288 aevi
1353 2286 1370 2315 ,-

228 2319 340 2385 medii
371 2329 536 2408 tempora
568 2316 790 2386 collocandas
823 2339 910 2386 esse.
965 2315 1084 2409 Atque
1108 2340 1183 2384 non
1214 2315 1327 2384 modo

229 2442 249 2484 a
275 2417 388 2484 doctis
413 2416 641 2506 hominibus,
677 2416 740 2485 sed
766 2441 787 2484 a
803 2417 930 2507 quovis
949 2415 1044 2486 malo
1067 2427 1175 2509 poeta
1199 2414 1327 2506 sepul-

228 2516 336 2584 cralia
361 2514 588 2607 fingebantur
604 2519 780 2604 carmina,
806 2527 843 2586 et
864 2513 1058 2586 dolendum
1084 2527 1156 2604 est,
1181 2515 1328 2586 illorum
1407 2513 1417 2539 ⁸

226 2615 398 2706 pleraque
420 2619 492 2684 iam
518 2615 655 2684 dudum
679 2615 878 2704 interiisse,
902 2639 1074 2708 magnum
1098 2626 1216 2684 autem
1241 2639 1326 2682 ma·-

225 2714 344 2782 lorum
378 2715 575 2784 carminum
609 2738 801 2787 numerum
832 2727 985 2784 aetatem
1017 2715 1153 2784 tulisse.
1202 2711 1326 2805 Atque

225 2813 315 2881 adeo
342 2812 548 2900 difficultas,
590 2837 695 2906 quam
720 2815 762 2881 iis
787 2817 905 2884 inesse
936 2817 1040 2884 initio
1068 2815 1162 2901 dixi,
1208 2837 1253 2880 ex
1279 2838 1324 2883 00

223 2912 437 3004 plerumque
469 2915 601 3002 oritur,
643 2914 739 3005 quod
777 2926 959 3003 auctores,
1002 2926 1043 2984 nt
1076 2913 1221 3002 rustici,
1253 2936 1325 2982 nec

226 3021 348 3100 aperte
374 3035 441 3080 nec
468 3012 641 3082 clarence
665 3014 823 3085 breviter
845 3013 966 3084 dicere
990 3023 1169 3108 poterant.
1218 3011 1322 3082 Ver·-

225 3111 324 3177 sibns
347 3123 467 3179 autem
492 3134 598 3200 saepe
622 3136 681 3180 ars
706 3137 748 3180 ac
771 3125 942 3183 venustas
968 3116 1084 3200 deest,
1121 3112 1195 3179 imo
1220 3112 1334 3182 vitiis,

225 3209 409 3278 abundant
433 3210 585 3276 numeri.
637 3210 749 3278 Cuius
764 3213 819 3280 rei
835 3223 944 3280 testes
967 3223 1053 3280 sunt
1071 3212 1324 3298 epigrammata

227 3328 332 3394 1177.
377 3307 484 3376 1545.4
517 3307 621 3375 1501.
657 3306 766 3394 1567.
802 3309 906 3384 1560.
940 3311 1047 3396 1591.
1074 3309 1173 3374 etin
1197 3305 1321 3374 multis

223 3406 305 3472 aliis
341 3403 586 3496 synaloephen
627 3407 844 3500 neglectam,
896 3408 1023 3477 breves
1063 3404 1212 3494 syllabas
1246 3405 1319 3474 arsi

222 3504 389 3594 thesique
418 3505 610 3594 productas
635 3503 893 3597 deprehendas.
942 3506 1045 3574 Haec
1068 3504 1173 3572 facile
1195 3504 1326 3596 augeri

221 3613 391 3695 poterant
404 3613 587 3692 poemata,
615 3630 698 3674 011111
717 3604 802 3673 inde
827 3630 846 3673 0
870 3605 1071 3675 Burmanni
1094 3605 1318 3695 temporibus

221 3701 355 3770 multae
381 3725 496 3772 novae
520 3725 587 3794 per
612 3715 728 3773 totum
754 3704 899 3797 imperii
923 3704 1080 3773 Romani
1105 3704 1231 3772 orbem
1255 3705 1317 3772 in-

220 3801 436 3892 scriptiones
452 3801 613 3874 detectae
638 3814 773 3873 essent:
800 3825 868 3873 nec
890 3827 1021 3895 paucas
1047 3826 1171 3872 aarum
1184 3802 1316 3892 recepi,

218 3897 413 3993 pluresque
445 3901 552 3969 etiam
583 3901 833 3991 inseruissem,
876 3904 907 3970 si
939 3904 1108 3973 Bonadae
1141 3901 1314 3988 collectio,

220 4023 312 4091 quae
339 4001 467 4068 ceteris
492 4001 690 4069 accuratior
712 4012 780 4088 est,
817 4015 963 4094 praesto
984 4003 1122 4072 luisset.
1173 3999 1315 4088 Quam-

218 4101 273 4170 vis
300 4101 396 4164 enim
411 4123 487 4168 non
503 4124 588 4168 raro
603 4097 787 4170 Bonadam
805 4104 941 4192 citam,
967 4103 1005 4171 id
1029 4124 1104 4171 non
1131 4125 1177 4169 ex
1200 4099 1313 4192 ipsius

216 4199 330 4285 libro,
369 4197 432 4266 sed
470 4223 516 4268 ex
549 4197 772 4269 Collectione
808 4201 1016 4272 Pisaurensi
1052 4201 1172 4270 facere
1204 4195 1312 4267 soleo.

213 4297 356 4376 Verum
379 4298 557 4369 delectum
585 4300 764 4394 quendam
787 4299 1031 4371 adhibendum
1057 4323 1134 4369 esse
1157 4297 1311 4367 arbitra-
