2992 4826
794 258 844 332 52

354 453 424 519 lllic
444 450 589 516 inmanes
611 469 701 512 mors
723 446 820 512 obvia
840 449 938 514 solvit
956 449 1068 534 hiatus,

396 554 462 622 Hio
482 553 595 640 gaudet
614 573 714 618 curva
734 549 815 615 falce
835 551 936 618 recisa
958 555 1067 620 Ceres.

272 677 315 742 15
356 661 427 728 Illic
449 659 533 725 inter
554 681 648 744 aquas
669 657 734 722 urit
753 657 820 722 sitis
842 658 929 724 arida
950 655 1065 744 fauces,

396 765 461 830 Hic
482 762 537 827 dat
557 762 688 850 periuro
709 762 796 828 basia
815 761 915 828 multa
931 765 1016 830 viro.

355 870 513 956 Naviget,
535 879 565 934 et
585 867 696 934 fluctus
716 858 810 933 lasset
828 869 994 937 mendicus
1016 871 1141 959 Ulixes,

394 977 435 1043 In
454 973 548 1043 terris
570 972 661 1041 vivet
680 972 814 1040 eandida
837 973 1008 1065 Penelope.

776 1123 892 1199 1421·-
946 1134 954 1148 “

734 1233 904 1301 Petronii.

353 1349 419 1436 Qui
439 1350 565 1418 mavult
583 1371 645 1439 pro
666 1359 759 1439 parte
778 1350 881 1433 mori,
902 1371 962 1414 nec
984 1373 1097 1438 cogere
1120 1352 1181 1420 fata

302 1485 310 1500 v
393 1455 510 1523 Mollia
530 1453 696 1544 praecipiti
714 1477 867 1544 rumpere
888 1451 943 1520 fila
962 1479 1074 1544 manu,—

355 1559 515 1626 Hactenus
534 1561 655 1625 iratum
674 1581 764 1622 mare
784 1558 928 1644 noverit3
952 1586 1042 1647 ecce,
1062 1563 1168 1632 refuso
1242 1617 1246 1624 .

396 1657 531 1749 Gingite
550 1687 676 1728 securos
698 1662 796 1727 adluit
815 1665 901 1729 unda
920 1667 1028 1754 pedes.
1051 1701 1055 1712 =
1137 1681 1141 1691 “

268 1778 289 1843 5
351 1769 435 1834 Ecce
459 1767 543 1833 inter
564 1769 685 1849 uirides
708 1766 840 1832 iactatur
860 1769 990 1836 mitulus
1011 1774 1107 1860 algas,

329 1939 333 1946 ,
392 1874 435 1940 Et
454 1893 550 1939 rauco
570 1871 705 1938 trahitur
725 1871 848 1936 lubrica
870 1877 989 1942 concha
1008 1878 1097 1944 sinu:
1137 1921 1138 1928 κ

351 1981 436 2046 Ecce
456 1989 655 2044 recurrentes
677 1999 737 2062 qua
758 1988 864 2042 versat
884 1977 995 2046 fluctus
1021 1987 1152 2069 arenas}

372 2080 547 2148 ‘Discolor
568 2079 681 2144 adtrita
702 2083 838 2146 calculus
860 2084 927 2151 exit
946 2084 1058 2155 humo.

259 2231 261 2236 -
349 2188 439 2256 Haeo
461 2182 601 2271 quisquis
622 2183 743 2248 calcare
762 2195 882 2272 potest,
903 2187 939 2250 in
960 2191 1054 2256 litore
1074 2206 1139 2260 tuto

197 2307 198 2314 ¹
269 2306 330 2372 10·
393 2289 510 2374 Ludat,
531 2299 565 2353 et
577 2288 639 2353 hoc
659 2287 765 2352 solum
790 2289 908 2356 iudicet
928 2313 995 2358 esse
1015 2316 1116 2362 mare·
1278 2320 1281 2329 ·

777 2415 860 2488 145.

730 2518 901 2593 Petronii.

258 2713 259 2716 Ἴ
328 2631 455 2701 Primus
477 2634 512 2700 in
533 2631 612 2698 orbe
636 2629 712 2699 deos
733 2628 809 2696 fecit
828 2631 944 2716 timor‚'
974 2634 1071 2700 ardua
1092 2637 1181 2703 coelo
1208 2655 1216 2674 ²

329 2739 479 2805 Fulmina
500 2761 573 2803 oum
595 2737 757 2819 caderent,
780 2735 979 2826 discussaque
998 2740 1126 2818 moenia
1143 2741 1303 2827 flaminia·⁸

326 2841 437 2928 Atque
456 2842 534 2907 ictus
556 2841 703 2926 flagraret
723 2840 840 2908 Athos.
882 2844 967 2910 Mox
987 2846 1135 2914 Phoebus
1157 2846 1304 2914 adortus

267 2941 268 2945 ¹
329 2947 476 3013 Lustrata
497 2944 632 3010 deiectus
652 2945 772 3030 humo,
800 2949 975 3037 Lunaeque
994 2965 1134 3018 senectus
1330 2955 1332 2958 ’

263 3063 285 3127 5
326 3055 372 3120 Et
391 3063 551 3144 reparatus
572 3050 692 3150 honos,
714 3041 791 3118 hino
813 3055 910 3142 signa
923 3056 1021 3122 effusa
1041 3082 1099 3147 per
1121 3056 1244 3144 orbem,

326 3157 370 3226 Et
390 3157 574 3248 permutatis
596 3156 767 3222 disiunctus
789 3160 952 3226 mensibus
974 3185 1074 3230 annus

324 3263 465 3326 Proiecit
484 3261 700 3344 vitiumhoc,
728 3275 819 3348 atque
842 3289 935 3330 error
955 3267 1045 3331 iussit
1063 3269 1168 3334 inanis

138 3449 142 3452 ᾖ
327 3363 495 3448 Agricolas
515 3367 640 3454 primos
666 3367 779 3431 Cereri
801 3349 876 3432 (lare
895 3369 1008 3430 messis
1029 3369 1179 3454 honores,

325 3466 513 3534 Palmitihus
534 3472 637 3558 plenis
659 3470 822 3538 Bacchum
843 3470 987 3554 vincire,'
1012 3470 1185 3560 Palemque

150 3455 306 3666 Nm
325 3573 494 3639 Pastorum
513 3576 651 3660 gaudere
672 3597 781 3640 manu.
824 3574 920 3640 Natat
939 3575 1067 3641 obrutus
1090 3578 1183 3644 omni

326 3679 492 3764 Neptunus
514 3679 676 3746 demersus
698 3703 793 3766 aqua,
818 3679 983 3767 Pallasque
1003 3683 1146 3748 tabernas

324 3779 484 3853 Vindicat.
525 3784 568 3848 Et
588 3785 657 3850 voti
677 3808 766 3869 reus,
787 3797 818 3850 et
839 3783 894 3871 qui
914 3786 1060 3852 vendidit
1080 3789 1204 3868 orbem3

224 3907 226 3912 ·
325 3886 395 3958 Iam
417 3883 480 3950 sibi
500 3887 630 3975 quisque
651 3889 726 3954 deos
748 3888 846 3957 avido
868 3891 1041 3958 certamine
1061 3892 1163 3982 fingit.

772 4014 856 4092 146·

729 4126 921 4225 Petronii..
1050 4130 1063 4160 ⁸

345 4229 433 4297 Nolo
453 4247 517 4316 ego
534 4247 661 4315 semper
681 4233 771 4298 idem
788 4231 882 4322 capiti
903 4232 1237 4323 suffundere'costum,

386 4337 457 4404 Neo
475 4346 542 4402 toto
561 4335 767 4404 ‘stomachum
788 4336 959 4407 conciliare
977 4359 1079 4416 meno.
