2944 4836
560 212 764 310 Β...
820 309 822 312 ,

616 402 699 483 365·

170 665 221 732 Ep.
239 616 307 717 ...⁸
618 568 702 648 366.
805 549 809 558 ’

70 775 76 782 ·
170 770 196 822 9.
215 754 278 805 imit
291 781 327 792 -·
351 751 441 818 turba]
464 758 601 816 utrumque
626 760 787 819 corruptum.
811 752 963 820 Legendum
985 754 1073 807 vineit
1090 753 1207 806 membra

103 841 209 893 nimie
223 840 331 892 latratu
341 837 436 908 fortia
451 838 469 888 i.
488 854 513 888 e.
525 837 605 888 vincit
616 837 710 900 latratu
723 840 790 892 alios
803 842 926 893 fortiores
943 861 1025 896 canes.
1059 841 1115 894 Sed
1127 841 1206 895 turba

40 951 43 958 ²
104 927 160 978 aliis
178 926 366 980 emendandum
381 923 512 994 relinquo.

172 498 223 567 Ep.
242 498 284 568 67.
346 495 350 507 ¹

692 1078 701 1099 Ι

168 1125 219 1192 Ep·
234 1122 276 1192 ⁶9·
616 1031 691 1150 367

168 1215 195 1267 5.
214 1211 304 1279 duxit]
321 1213 413 1266 iunxit
427 1211 460 1263 B.

166 1301 193 1351 4.
213 1299 366 1370 agminari]
388 1300 407 1351 i.
425 1317 449 1351 e.
475 1298 519 1366 qui
535 1299 653 1352 nesciunt
669 1302 696 1353 in
714 1302 815 1370 agmine
834 1300 909 1361 duci3
933 1301 955 1352 si
977 1301 1042 1352 haec
1065 1300 1205 1370 explicatio

102 1386 174 1453 dura,
191 1389 278 1454 legas:
296 1406 366 1439 mero
382 1397 526 1458 gravatae,
544 1405 578 1438 ae
595 1390 697 1440 minari
713 1391 758 1442 vel
774 1391 933 1442 comminari
949 1391 1063 1442 nesciae.

167 1476 193 1528 6.
206 1475 313 1549 forma]
329 1495 360 1527 an
372 1473 480 1544 fama?

168 1565 195 1619 8.
209 1563 352 1632 praedam]
377 1563 408 1614 Β.
426 1565 475 1633 qui
489 1566 621 1631 praedam
646 1565 736 1630 vulgo.
772 1563 827 1614 sed
843 1569 891 1634 qui
914 1575 1027 1618 metrum
1049 1555 1204 1632 sensumque

101 1652 251 1720 corrumpit.

168 1757 195 1809 9.
207 1737 315 1809 samem
334 1738 360 1790 d.
375 1738 440 1806 pati
446 1737 458 1806 ]
475 1739 495 1787 i.
514 1754 539 1788 e.
557 1755 610 1790 non
627 1738 724 1792 laniant
740 1740 872 1807 praedam.

166 1845 205 1878 ιι.
225 1845 240 1878 o
258 1825 344 1896 quod]
361 1843 423 1876 num
440 1842 455 1874 ο
473 1843 565 1895 quam,
583 1844 614 1877 an
633 1844 648 1876 ο
665 1827 747 1894 quie?
774 1829 793 1877 i.
813 1845 838 1879 e.
857 1827 974 1896 Quantus
991 1828 1113 1896 magister
1130 1844 1203 1878 mor-

99 1915 189 1965 talium
207 1923 249 1965 est
265 1913 366 1964 terror!

167 2002 209 2054 15.
227 2011 346 2072 repertos
368 2009 401 2051 ut
419 2018 442 2051 c.
471 1999 535 2067 ete]
558 1999 590 2051 Β.
617 2018 706 2052 morsu
731 2005 844 2071 repertis
869 2013 897 2055 et
919 2002 986 2056 cibis
1007 2022 1061 2055 non
1084 2005 1204 2055 audeant
1269 2003 1271 2010 '

97 2091 187 2158 vulgo.
222 2088 262 2141 Ac
278 2088 387 2140 fortasse
403 2087 430 2139 in
446 2089 547 2156 vulgata
562 2087 680 2144 lectione
702 2089 769 2143 nihil
784 2090 833 2142 niei
851 2102 879 2142 et
895 2092 922 2142 in
939 2101 972 2142 ut
987 2091 1137 2144 mutandum
1155 2098 1203 2157 eet,

98 2179 157 2247 quia
173 2194 263 2230 versus
280 2162 385 2230 ¹ultimus
402 2177 493 2228 deesse
510 2178 624 2231 videtur.
714 2221 716 2228 .

164 2395 276 2464 Ep...
611 2301 695 2381 368.

165 2501 192 2534 2.
211 2478 431 2549 libid0]1ibitum
449 2482 481 2533 Β.

54 2577 56 2583 ’
165 2574 191 2625 8.
208 2589 257 2640 pro
277 2580 370 2622 tenen
388 2569 482 2637 etiam]
494 2570 618 2623 emendo:
632 2587 685 2639 pro
700 2579 725 2622 te
741 2587 794 2623 non
805 2573 889 2624 etiam
901 2581 933 2622 ut
944 2570 1050 2642 gaudia
1067 2569 1198 2620 deserant.

166 2785 189 2836 E
210 2821 217 2834 .
256 2802 279 2836 1.

168 2801 280 2943 hpqdid
296 2869 360 2934 ete]
377 2868 437 2920 Duo
455 2869 534 2936 primi
551 2887 641 2922 versus
660 2889 718 2924 cum
736 2873 830 2926 ceteris
847 2887 900 2922 non
917 2870 1081 2924 conveniunt.

165 3089 217 3157 Ep.
237 3103 278 3157 72.

166 3179 194 3231 3.
211 3173 317 3247 potaris
333 3173 416 3241 recto]
433 3184 528 3243 potere
545 3185 591 3228 aet
605 3188 680 3230 recte
690 3177 722 3227 Β.
758 3176 856 3230 Nescio
874 3193 920 3228 cur
936 3176 969 3226 Β.
983 3185 1082 3244 potare
1098 3175 1201 3226 malue-

100 3270 136 3320 rit
153 3283 229 3336 quam
244 3264 346 3334 potari.
381 3261 436 3314 Sed
453 3272 481 3316 et
497 3273 568 3315 reete
585 3267 691 3317 Baccho
709 3265 846 3318 obscurum
872 3273 920 3321 est.
954 3264 985 3316 In
1001 3267 1114 3316 mentem
1130 3261 1202 3313 venit

101 3357 206 3422 stricto,
222 3355 252 3406 id
269 3361 316 3418 est,
332 3351 423 3413 tenaci,
440 3352 486 3420 qui
502 3369 555 3404 uon
572 3353 695 3406 continuo
714 3353 810 3406 effluat.

167 3444 194 3496 4.
213 3444 238 3494 ei
250 3451 332 3511 parte
347 3441 485 3494 horridius
503 3439 566 3506 ete]
588 3457 636 3492 me.
654 3440 732 3494 Selm-
760 3444 785 3497 ei
806 3453 888 3512 parte
911 3437 1029 3510 inferius
1053 3437 1201 3490 horridiore

103 3530 179 3584 bibas
194 3531 282 3598 vulgo.

616 3631 701 3704 371·

169 3748 221 3816 Ep.
240 3749 281 3816 75.
316 3744 409 3798 Edidit
423 3746 454 3798 Β.
472 3747 521 3798 iam
537 3747 565 3799 in
581 3747 728 3802 Anth.ss1.
745 3761 806 3800 222.

170 3837 198 3890 5.
216 3833 308 3900 laude]
326 3837 385 3906 lege
400 3835 481 3891 Anth.
495 3835 545 3888 111.
563 3853 624 3890 222.
652 3875 653 3880 ¹

171 3925 199 3976 6.
218 3923 339 3991 exoptas]
357 3923 391 3975 Β.
408 3934 538 3993 exoptem
554 3925 644 3990 vulgo.

173 4030 197 4082 7.
215 4010 308 4077 exosa]
325 4012 418 4064 odiosa
434 4011 516 4066 Antii.
533 4011 581 4064 ΠΙ.
599 4028 659 4065 222.

620 4141 705 4215 372·

172 4225 223 4297 Ep.
239 4227 282 4290 74.

175 4315 202 4365 3.
220 4313 323 4382 Bardo]
331 4313 454 4369 etnim.
465 4316 522 4370 164.
529 4319 681 4370 Burdonem
692 4317 798 4384 sonipes
801 4323 915 4384 generat
927 4310 1085 4366 commixtus
1096 4305 1203 4358 asellae.
