3000 4820
663 202 735 280 149

315 507 371 574 De
389 507 556 576 colocasia
575 402 738 578 heriloliii
758 520 845 578 teoto
862 513 1061 600 populante.

302 624 399 688 Nilus
419 623 506 711 quod
525 623 626 710 riguis
645 626 729 714 parit
746 624 891 708 fluentis,

300 721 485 794 Extendens
506 715 660 794 colocasia
682 751 796 794 eorum

299 832 439 917 Remos,
459 857 517 922 per
536 834 676 921 spatium
696 835 783 900 vires
803 855 987 900 amoenum.

133 1003 138 1012 ,
229 949 231 954 ’
298 938 388 1004 Haeo
406 939 523 1004 nostris
541 938 661 1004 laribus
682 951 784 1003 crecta
803 937 947 1020 frondet,

298 1044 458 1108 Naturam
479 1041 635 1108 famulans
657 1063 755 1131 opace
777 1045 887 1127 vertit,
1051 1113 1058 1130 Ι

296 1148 375 1234 Plus
394 1159 475 1212 tecto
497 1159 531 1212 ut
550 1148 669 1235 vigeat,
690 1149 769 1214 solet
789 1169 894 1238 quem,
909 1148 1012 1214 horto.

262 1418 319 1486 De
339 1445 394 1505 eo,
422 1425 483 1513 qui
502 1319 918 1514 podiom3lslnpuitheasri
937 1423 1094 1492 saliebat.

179 1627 185 1642 .
214 1545 525 1635 Amphithoe-alem
545 1549 679 1639 podium
702 1551 924 1616 transcendere
941 1553 1022 1616 saltu

215 1651 370 1720 Velocem
390 1655 499 1722 audivi
520 1656 687 1738 iuvenem,
708 1678 769 1722 neo
786 1653 916 1720 credere
933 1655 1023 1739 quivi

213 1758 310 1822 Hono
328 1759 514 1843 hominem,
533 1760 637 1847 potius
656 1761 712 1826 sed
733 1782 845 1842 avem,
875 1757 904 1822 si
924 1757 999 1821 talia
1018 1770 1115 1842 geret.

212 1861 275 1924 Sed
297 1862 389 1949 posui
407 1863 498 1944 huie,
527 1861 644 1947 fateor,
670 1885 726 1928 me
745 1863 865 1929 Dorice
884 1862 961 1926 vina
978 1861 1141 1944 'daturum

214 1967 407 2054 conspicere
427 1978 461 2030 ut
481 1967 600 2052 possim
627 1969 705 2033 tanti
724 1989 810 2032 nove
834 1963 915 2030 fectu
935 1964 1064 2037 laboris.

213 2070 361 2158 Adspexi
380 2071 543 2157 victusque
562 2071 635 2137 dedi
654 2067 813 2161 promissa
832 2070 967 2159 petenti,

212 2175 320 2264 Atque
339 2196 414 2240 meo
434 2175 565 2261 gravior
584 2177 665 2242 levis
682 2175 782 2244 extitit
801 2176 857 2242 ille
875 2175 1006 2265 periclo.
1100 2226 1105 2235 .

212 2282 291 2346 Non
311 2280 378 2346 iem
397 2280 554 2364 mirabar,
574 2282 685 2348 sumtis
703 2295 750 2365 te,
769 2277 924 2362 Daedale,
947 2278 1061 2368 pennis

211 2383 276 2449 Isse
296 2408 354 2472 per
373 2386 526 2452 aetherios
548 2397 659 2452 nature
678 2393 807 2452 errante
827 2394 956 2448 meatus.
988 2409 993 2417 ·

130 2506 170 2565 10
209 2491 306 2556 Hunc
325 2492 427 2579 magis
449 2487 609 2580 obstupui,
636 2511 746 2555 coram
766 2489 823 2577 qui
842 2489 934 2576 plebe
954 2488 1076 2558 videnti

212 2597 375 2684 Corpore,
399 2621 466 2664 non
486 2597 599 2685 pennis
619 2593 742 2681 fastigia
760 2617 889 2660 summe
908 2597 1054 2662 volavit(
1166 2585 1172 2591 ’

551 2744 555 2748 ’
626 2743 709 2818 381·
986 2817 989 2830 ⁴

41 2871 51 2888 “
128 2851 183 2917 De
197 2849 354 2936 Diogene
359 2853 464 2937 picto,
486 2852 542 2918 cui
555 2851 749 2918 lascivienti
758 2855 921 2920 meretrix
931 2853 1069 2920 barbam
1079 2855 1221 2923 vellebat

329 2946 362 2999 el
382 2934 513 3022 Cupido
533 2935 710 3022 mitigabat
730 2938 766 3000 ia
796 2939 916 3023 podice
935 2941 1019 3002 eius.

209 3054 388 3140 Diogenem
408 3059 563 3122 meretrix
584 3057 725 3124 derisum
745 3056 849 3122 Laide
872 3070 1039 3140 monstrat,

252 3160 480 3245 Barbetamque
502 3183 630 3225 comam
650 3159 765 3246 frangit
792 3161 893 3224 amica
914 3159 1034 3243 Venus,

212 3268 284 3333 Nec
304 3266 404 3332 virtus
424 3265 525 3330 enimi
544 3287 604 3329 nec
624 3277 724 3345 castae
743 3263 854 3329 semite
876 3263 957 3328 vitoe

253 3370 485 3459 Philosophum
506 3383 635 3436 revocat
651 3370 783 3458 turpiter
804 3393 871 3456 esse
888 3371 1008 3436 virum.

91 3521 99 3540 .
129 3495 170 3553 51
213 3481 286 3546 Hoc
307 3476 369 3562 agit
388 3473 518 3552 infelix,
538 3475 615 3540 alios
637 3474 722 3562 quod
741 3497 833 3562 saepe
853 3476 995 3558 vocavit,

234 3581 409 3669 Quodque
428 3568 531 3647 nimis¹
546 3578 702 3643 miserum
722 3589 787 3662 est,
812 3579 965 3668 mingitur
986 3582 1062 3646 ortis
1083 3607 1170 3671 opus.

633 3729 717 3800 382·

131 3835 406 3926 Epithalamium
415 3835 520 3901 Frisii
538 3859 561 3898 a
575 3833 731 3900 Luxorio
757 3833 803 3902 V.
827 3835 862 3902 C·
884 3834 1060 3924 spectabili
1077 3837 1217 3903 dicium.

497 3917 598 3983 Cento
615 3915 655 3984 V
652 3919 851 4006 irgiliaaus·
1163 3989 1164 3992 Ἴ
1303 3945 1306 3954 ’

213 4047 283 4130 sol,
305 4045 359 4134 qui
378 4056 538 4108 terrerum
560 4045 701 4110 flammis
722 4069 818 4134 opere
838 4045 947 4110 omnia
965 4046 1084 4126 lustret,

210 4151 336 4219 Extulit
355 4174 390 4214 os
411 4171 539 4213 sacrum
561 4149 650 4212 coelo
671 4150 875 4234 tenebrasque
896 4149 1037 4214 resolvit.

213 4253 345 4320 Laetitia
365 4252 507 4358 ludisqpe
530 4251 603 4316 viae
624 4254 794 4340 plausuque
814 4251 1002 4320 fremebant.
