3000 4820
596 237 822 338 ...ru-

291 424 414 498 Tristis
431 421 589 490 mirandis
609 423 760 511 aequabat
781 423 886 510 gloria
905 422 1011 489 rebus.
1050 426 1053 431 ’
1155 452 1161 462 ’

292 532 498 604 Unus-amor
520 529 639 597 cunctis
661 542 692 596 et
712 529 909 618 praesidium
927 529 1140 618 trepidorum.

292 636 512 726 Principibus,
536 657 682 723 quorum
696 633 827 722 viguisti
848 645 1013 722 tempore,
1042 637 1150 704 doctus
1248 673 1253 707 ;

187 733 199 820 J
217 771 219 774 ·
240 795 243 804 .
290 741 363 814 A'ut
379 743 515 810 calcaria
536 740 623 810 ferre
642 741 736 811 bonis
757 752 810 806 aut
829 737 920 806 frena
941 741 1101 826 tyrannis.

434 997 482 1065 L.
502 997 647 1066 Aurelii
665 994 799 1066 Aviani
820 997 1017 1084 Symmachi

526 1151 529 1158 .
583 1103 707 1156 Valerius
728 1103 865 1156 Proculus.
920 1105 923 1120 ¹
1065 1103 1068 1112 '

207 1201 445 1290 comprimis,
475 1225 554 1290 quos
575 1226 643 1269 non
665 1203 811 1270 oneravit
831 1203 934 1291 gloria
954 1215 1094 1293 patrum,
1202 1219 1205 1226 ’

209 1307 374 1373 Ponemus
397 1310 572 1375 Proculum
593 1310 678 1375 vitae
697 1297 896 1398 morumque
913 1312 1028 1376 decore

208 1413 305 1477 Haud
322 1417 476 1500 umquam
497 1415 669 1502 iudignum
692 1437 887 1502 magnorum
905 1408 1157 1504 Poplicolarum.
1191 1456 1194 1460 ·

209 1519 280 1584 Olli
301 1541 429 1606 semper
450 1543 545 1585 amor
565 1521 687 1585 veriet
707 1519 897 1601 constantia,
918 1520 1062 1607 simplex

168 1625 413 1698 &Coelicolum
434 1627 550 1690 cultus:
579 1649 648 1692 non
668 1625 764 1690 illum
787 1645 938 1712 spernere
957 1646 1077 1710 posses,
1189 1634 1192 1652 ²

210 1731 253 1812 Et
273 1723 467 1818 quamquam
486 1729 685 1796 reverendus
707 1740 794 1814 erat,
821 1749 888 1792 non
911 1727 1026 1791 deinde
1046 1727 1218 1793 timendus.
1250 1731 1259 1782 ⁴·

330 1981 333 1988 ’
432 2006 478 2073 L.
500 2000 641 2072 Aurem
661 1897 795 2070 sibim
823 2003 1023 2092 symmacus

602 2107 709 2162 Anicius
726 2110 855 2164 lunum
1045 2172 1052 2189 ἱ

267 2206 372 2273 -Cuius
394 2230 469 2297 opes
491 2221 544 2274 aut
562 2207 710 2275 nobilitas
732 2222 784 2276 aut
803 2222 889 2276 tanta
908 2220 1056 2298 potestas,

240 2380 244 2390 ,
271 2313 405 2380 Cedenti
426 2313 477 2380 cui
496 2337 564 2381 non
585 2313 779 2404 praeluxerit
799 2314 929 2382 Annius
945 2318 1051 2382 unus?

240 2407 242 2412 ’
274 2417 363 2485 Acer
385 2419 423 2484 ab
444 2415 579 2507 ingenio
598 2421 779 2508 cunctisque
799 2418 1157 2504 adcommodusidem,
1189 2463 1193 2511 2

251 2507 255 2522 ι
276 2524 341 2590 Hic
363 2536 396 2590 ct
416 2548 511 2612 carus
528 2521 612 2604 erat3
643 2525 807 2612 conferre,
829 2529 942 2594 iuvare
962 2538 1099 2616 paratus.

274 2633 364 2696 Nam
382 2630 489 2714 diues,
512 2644 583 2696 tum
606 2633 705 2698 celsus
727 2632 922 2717 honoribus,
947 2644 1084 2698 attamen
1105 2629 1169 2694 illis

275 2737 440 2820 Grandior
462 2750 624 2808 aeternam
646 2739 827 2830 complebat
846 2739 981 2806 nomine
1002 2739 1160 2808 Romam.

440 3015 487 3080 L.
508 3011 655 3078 Aurelii>
668 2909 801 3080 zizimi
822 3013 1018 3100 Symmachi
1088 3023 1090 3030 ’

570 3118 714 3194 Petronius
735 3118 888 3168 Probianus.

299 3219 399 3285 Iactet
419 3241 453 3282 se
473 3214 601 3294 fortuna
621 3213 706 3298 aliis,
731 3238 814 3304 ,quos
834 3214 940 3280 iudice
961 3213 1051 3277 nullo

300 3327 427 3416 Lucem
448 3321 488 3402 ad
505 3321 705 3388 ‘Romuleam
724 3343 780 3410 sua
801 3322 870 3387 sola
889 3319 1015 3385 licentia
1036 3316 1137 3389 vexit.

194 3413 195 3416 Ἴ
297 3432 365 3514 Te,
387 3430 563 3522 Probiaue3
584 3427 706 3516 pudor,
733 3439 765 3492 te
784 3426 866 3494 felix
885 3425 1007 3513 gratia,
1029 3435 1124 3515 teque

294 3537 372 3602 Itala
392 3533 577 3623 simplicitas
599 3555 731 3597 morum
752 3546 782 3599 et
801 3532 942 3598 sollertia
962 3529 1058 3595 iuvit.

170 3653 192 3715 5
297 3639 458 3724 Quocirca
482 3637 628 3702 adsiduus
650 3637 804 3727 Augustis
827 3650 940 3716 notus,
963 3648 994 3700 et
1012 3631 1127 3720 hospes

297 3745 445 3810 Praemia
466 3765 662 3829 magnorum
684 3745 812 3810 retulisti
828 3745 944 3832 dignus
964 3743 1137 3807 honorum.

437 4021 483 4088 L.
504 4019 645 4088 Aurelii
664 3913 798 4089 iiiiii
819 4021 1017 4111 Symmachi

663 4124 789 4180 Ver-inus.

1 4295 2 4312 χ
95 4241 96 4246 ’
216 4228 393 4308 Virtutem,
417 4223 555 4308 Verius,
575 4238 662 4290 tuam
683 4227 755 4313 plus
776 4226 878 4292 mirer
900 4228 937 4294 iu
958 4226 1068 4308 armis,

216 4330 305 4408 3⁰0⁸
326 4329 395 4406 (lux
408 4329 595 4402 :Armenios
617 4352 693 4396 cum
714 4331 808 4400 caede
829 4333 986 4426 domares,
