3000 4820
703 244 905 344 Q

764 442 848 514 422.
947 464 950 473 =

643 636 648 650 ,
698 544 915 640 Busilius.

345 688 417 752 Hoc
437 685 514 749 iacet
534 683 570 746 in
593 677 715 746 tumulo
737 683 824 738 vates
847 673 987 738 imitator
1009 657 1157 752 Homeri,

385 789 451 874 Qui
472 787 554 851 canit
575 780 722 849 Ausonio
745 777 1030 864 carmine'primus
1055 801 1142 843 oves.

286 949 291 954 .
344 895 399 961 Ad
422 893 520 980 cultos
542 889 616 954 hino
636 884 746 951 transit
767 903 877 969 agros,
895 864 1067 945 'Aeneidos
1090 893 1195 945 autem

252 985 257 998 ¹
385 999 463 1066 Non
484 992 687 1060 emendatum
708 1000 813 1053 morte
834 985 960 1070 reliquit
981 1008 1070 1072 opus.

769 1137 853 1206 423·

697 1220 916 1288 Armeniis.

342 1346 490 1415 Bucolica
512 1341 657 1408 Ausonio
679 1337 803 1426 primus
820 1337 874 1422 qui
900 1335 1041 1399 carmine
1065 1333 1135 1416 leci,

382 1451 465 1519 Mox
487 1455 648 1537 ptaecepta
669 1441 742 1506 dedi
762 1439 905 1506 versibus
927 1439 1091 1526 agricolae.

255 1544 256 1547 Ἴ
342 1561 434 1626 Idem
455 1577 529 1618 cum
545 1545 730 1636 Phrygibus
752 1545 944 1610 Rutulorum
975 1545 1057 1609 bella
1077 1547 1196 1632 peregi.

386 1665 482 1728 Hunc
502 1655 584 1722 mihi
605 1652 751 1719 defuncto
774 1645 837 1713 fata
859 1649 974 1712 dedere
995 1650 1113 1721 locum,

693 1883 920 1952 Vomanus.

345 2015 482 2098 Tityre,
502 2021 532 2071 te
554 2003 648 2070 Latio
668 1999 781 2066 oecinit
802 2021 874 2062 mea
895 1997 1001 2064 fistula
1019 2021 1125 2076 vernn,

387 2111 623 2198 Praeceptisqne
642 2106 722 2170 meis
744 2103 876 2168 rusticus
898 2124 976 2166 arva
997 2101 1082 2166 colit.
1134 2111 1136 2116 '

346 2222 411 2300 At,
431 2241 473 2283 ne
494 2203 586 2280 Musa
608 2233 715 2274 carens
737 2206 824 2271 vitiis
847 2198 1009 2270 Aeneidos
1032 2217 1121 2286 esset,

385 2323 500 2392 Invida
520 2341 574 2384 me
595 2314 690 2380 celeri
710 2311 773 2377 fata
794 2311 895 2405 tulere
919 2329 1007 2374 neoes

768 2455 852 2527 4:³5.

672 2541 942 2632 Euphorbus.

347 2671 544 2741 Romuleum
567 2664 672 2729 Sicula
692 2661 748 2748 qui
770 2657 860 2744 fingit
880 2677 1011 2739 parmen
1035 2677 1145 2736 avena,

317 2836 319 2841 .
388 2775 614 2856 Ruricolasque
634 2767 740 2848 docet,
767 2785 826 2849 qua
845 2761 967 2846 ratione
987 2770 1101 2839 serant,
1148 2810 1150 2814 Α

272 2949 274 2954 ,
347 2883 472 2970 Quique
494 2876 684 2942 Latinorum
705 2878 863 2932 memorat
878 2863 951 2928 sera
973 2864 1053 2926 bella
1074 2863 1294 2952 Phrygasque,
1351 2847 1353 2852 ι

390 2987 454 3052 Hic
474 2983 577 3062 cubat,
598 2975 651 3042 hic
671 2970 787 3038 meruit
806 2981 992 3058 perpetuam
1012 2966 1166 3054 requiem.

771 3113 855 3187 426.

700 3204 916 3271 Iulianus.

349 3335 416 3422 Qui
435 3326 584 3419 pastorali
603 3317 784 3412 peragravit
803 3315 949 3382 Maenala
969 3314 1072 3394 Musa,

388 3439 535 3517 Ruraque
561 3439 592 3492 et
610 3425 738 3491 Aeneae
759 3419 897 3484 concinit
916 3440 1007 3482 arma
1026 3417 1132 3498 Maro,

346 3543 423 3622 me,
449 3537 560 3602 docem
586 3528 692 3596 lustris
713 3523 857 3612 geminos
878 3533 1043 3610 postquam
1063 3520 1184 3587 addidit
1203 3543 1313 3604 annos,

391 3638 555 3713 concessit
574 3633 645 3700 fatis
664 3629 788 3694 essitas
816 3627 878 3692 hoe
896 3627 1019 3692 tumulo
1040 3635 1094 3688 est.

697 3855 700 3862 ,
771 3775 857 3850 427.

698 3884 740 3951 H
746 3884 760 3949 i
767 3882 855 3949 lusi
861 3903 918 3947 us.

349 4015 437 4078 Haec
456 4005 527 4088 tibi,
547 3999 720 4088 Virgilius,
750 3997 862 4062 domus
884 4006 930 4059 est
950 4005 1074 4058 aeterna
1093 3989 1225 4078 sepulto,

391 4112 457 4196 Qui
473 4107 586 4174 mortis
601 4104 747 4170 tenebras
766 4099 876 4186 effugis
895 4097 1035 4184 ingenio.

344 4213 543 4284 Maenalimn
562 4220 700 4273 'carmen
714 4197 775 4292 ¹qui
794 4202 919 4293 profers
950 4224 1006 4267 ore
1026 4198 1153 4276 Latino,

388 4321 430 4384 Et
451 4317 549 4381 cultus
570 4322 709 4395 segetum
727 4310 870 4393 bellaque
896 4327 988 4378 saeta
1007 4303 1135 4368 ducum.
1213 4343 1216 4348 -
1315 4307 1319 4316 ·
