3002 4816
689 241 895 340 „ogo-

568 546 624 614 De
649 434 822 614 Τανιῗέἶί
842 546 1014 616 Pallante.
1114 585 1120 590 -

322 659 453 725 'l'nrnus
474 661 600 728 honore
621 663 686 729 ruit
707 661 770 728 fusi
789 645 938 727 Pallantis
966 661 1002 726 iu
1023 661 1163 744 hostem,
1198 685 1200 690 ·

364 765 515 831 Pallantis
536 766 601 833 fusi
622 769 754 834 Turnus
774 766 899 832 honore
920 765 995 832 ruit.

748 920 834 1001 646.

601 1035 653 1102 De
674 1037 770 1126 equis
791 1031 983 1100 Diomedis.

317 1143 400 1210 Vim
420 1145 589 1228 Diomedis
610 1153 683 1238 equi
703 1150 922 1216 monstrabant
941 1146 1067 1236 hospite
1087 1169 1191 1229 caeso,

361 1253 497 1342 Hospite
517 1251 679 1342 fregerunt
702 1257 772 1322 vim
793 1253 962 1318 Diomedis
984 1252 1066 1342 equi.

744 1385 828 1492 649.

670 1519 909 1606 Euryalus.

317 1629 439 1698 Unicus
460 1634 624 1720 Euryalus
643 1633 763 1699 meruit
784 1634 893 1700 solatia
913 1633 1040 1713 matris,

357 1737 496 1828 Ereptus
516 1737 613 1802 matri
635 1751 681 1804 est
700 1739 812 1804 unicus
832 1739 1004 1826 Euryalus.

593 2003 706 2074 Nisus
728 1893 997 2094 e6t5lluryalues

205 2175 207 2184 a
315 2119 449 2182 Nomen
469 2119 628 2185 amicitiae
646 2143 762 2208 magna
780 2122 897 2209 pietate
920 2119 1092 2184 colendum
1113 2132 1169 2204 est,

356 2224 504 2290 Maxima
522 2247 597 2314 pars
618 2226 702 2291 vitae
722 2239 767 2291 est
788 2247 910 2291 nomen
931 2224 1098 2290 amicitiae.

742 2379 826 2455 651·

588 2489 644 2555 De
666 2489 795 2556 iudicio
817 2489 972 2556 Paridis.

312 2603 475 2670 Iudicium
495 2604 620 2670 Paridis
642 2606 793 2693 provexit
814 2606 948 2690 coniuge
970 2605 1120 2688 Troiam,

355 2711 487 2778 Delevit
510 2710 648 2776 Troiam
668 2710 825 2775 iudicium
841 2709 978 2776 Paridis.

719 2887 721 2891 ’
741 2859 826 2942 652·

659 2973 722 3041 De
742 2976 893 3044 eodem.

310 3090 474 3159 Connubii
491 3091 630 3179 bellique
651 3089 723 3154 deas
743 3091 905 3178 superavit
925 3115 1086 3175 amorum,

352 3199 438 3262 Cum
457 3209 564 3285 pastor
584 3196 756 3284 pulchram
776 3196 893 3265 iudicat
915 3224 980 3264 esse
1001 3198 1140 3286 Cyprin.

310 3300 449 3367 Verticis
471 3314 501 3366 et
521 3301 657 3366 thalami
678 3303 792 3391 pignus
814 3304 953 3370 sublime
967 3304 1134 3369 Tonantis

352 3408 513 3493 Exuperat
534 3406 660 3470 Paridis
681 3409 773 3473 laude
793 3409 925 3496 probata
944 3409 1068 3474 Venus.

225 3520 247 3585 5
306 3511 403 3576 Extat
427 3531 516 3575 causa
537 3511 631 3591 mali,
660 3515 784 3577 malum
806 3515 933 3580 cessisse
954 3514 1090 3596 Dionae,

351 3616 435 3679 Cum
455 3628 585 3681 ruerent
609 3617 707 3682 Graia
728 3619 883 3705 Pergama
903 3621 994 3708 pulsa
1015 3643 1124 3685 manu.

309 3721 373 3786 Dat
393 3717 517 3784 'Veneri
539 3722 665 3786 malum
687 3721 812 3790 formae
833 3749 892 3814 pro
915 3748 1049 3791 munere
1069 3735 1193 3812 pastor,h

351 3825 437 3890 Cum
457 3824 580 3891 Iunone
601 3826 711 3894 dolens
741 3830 825 3895 victa
846 3831 998 3897 Minerva
1017 3831 1111 3896 redit.

738 3983 823 4061 653·

625 4097 928 4187 Bellerophon.

310 4204 528 4292 Bellerophon
548 4233 699 4300 superans
718 4215 864 4279 incendia
886 4215 955 4279 dira
976 4213 1165 4279 Chimerae:

333 4307 467 4377 ·Victor
488 4314 662 4436 Gorgoneo
684 4321 793 4385 nubila
812 4320 911 4406 tangit
930 4341 1021 4406 equo.
