2992 4826
667 259 812 364 99-

194 446 333 513 Munere
352 443 496 512 Palladio
517 446 591 512 laeti
613 469 674 532 qua
693 458 787 512 nocte
808 441 908 528 fuere,
1018 456 1023 464 ”
1098 461 1100 466 ’

237 555 308 618 Hac
328 550 454 640 periere
472 551 620 639 Phryges
641 575 776 617 munere
796 553 950 621 Palladio.

122 659 174 730 '15
195 657 293 740 Nate,
315 653 400 745 quod
421 657 500 722 alter
520 656 608 722 adest
628 659 716 723 coelo
723 707 733 744 ‚
757 672 829 726 sunt
848 661 961 748 gaudia
982 662 1107 731 Ledae:
1157 731 1161 742 ,
1188 719 1191 726 .

237 764 299 829 Sed
322 775 447 830 moeret
467 775 588 840 mater,
609 777 701 851 nate,
725 766 810 852 quod
832 767 909 832 alter
930 767 1025 836 adest

194 870 307 935 Hostia
328 891 421 959 saepe
441 864 503 934 fuit
523 869 587 936 diri
607 870 763 941 Busiridis
784 871 910 960 hospes,

237 975 422 1063 Busirisque
443 975 506 1040 aris
526 975 629 1040 hostia
651 961 744 1066 saepe
763 976 835 1043 fixit.

195 1080 339 1147 Theseus
359 1079 545 1168 Hippolyto
565 1080 668 1148 vitam
688 1105 746 1170 per
766 1096 842 1151 vota
862 1085 1005 1172 rogavit:
1040 1110 1042 1115 ·

130 1196 174 1259 20
237 1184 372 1276 Optavit
390 1197 532 1250 mortem
553 1185 696 1253 Theseus
718 1188 912 1278 Hippolyto.

194 1291 306 1376 Stipite
327 1288 454 1356 fatifero
476 1290 556 1356 iuste
579 1313 659 1377 qnae
679 1291 831 1360 fratribus
852 1318 925 1362 ausa
946 1308 1000 1374 est,

2 1346 9 1575 y
234 1396 340 1462 Mater
360 1418 454 1461 saeva
474 1393 535 1460 tuit
554 1396 662 1486 stipite
687 1397 827 1468 fatifero.

194 1504 268 1568 Sola
288 1501 399 1568 relicta
417 1500 496 1566 toris
517 1500 635 1568 flevisti
657 1503 693 1568 in
712 1504 825 1589 litore,
853 1505 989 1572 Gnosisz

236 1608 382 1674 Laetaris
404 1609 494 1677 coelo
517 1609 586 1673 sola
607 1609 717 1676 relicta
738 1609 828 1676 toris.

128 1725 172 1793 25
193 1713 303 1781 Aurea
323 1717 395 1780 lana
416 1712 491 1794 fuit,
519 1711 695 1799 Phryxum
717 1737 796 1802 quae
815 1737 875 1802 per
894 1737 987 1780 mare
1006 1714 1117 1790 vexit:

233 1822 330 1887 Helle
350 1841 411 1904 qna
431 1819 517 1904 lapsa
537 1828 600 1900 est,
624 1840 718 1882 aurea
737 1821 810 1884 lana
831 1817 901 1883 fuit.

194 1925 337 1991 Tantalis
359 1935 405 1988 est
424 1945 561 1987 numero
588 1934 739 1987 natorum
759 1920 840 1988 sacta
859 1924 1011 2012 superbae

144 2079 146 2085 a
232 2033 395 2096 Natorum
414 2027 538 2092 adflicta
560 2026 703 2092 Tantalis
726 2040 772 2094 est
792 2052 940 2094 numero.

190 2136 294 2203 Pelias
315 2134 402 2198 hasta
419 2129 496 2212 fuit,
516 2133 633 2198 vulnus
655 2155 755 2219 grave
776 2157 855 2220 quae
873 2134 960 2201 dedit
980 2134 1074 2220 hosti,
1118 2207 1120 2210 ,

127 2257 171 2320 30
232 2242 274 2306 Et
295 2263 374 2326 quae
394 2236 527 2320 sanavit,
549 2236 651 2301 Pelias
672 2236 760 2303 hasta
776 2235 847 2306 suit.

3 2393 6 2428 ‚
190 2347 253 2412 Per
273 2368 365 2410 mare
385 2344 464 2410 iacta
483 2342 559 2408 ratis
579 2343 679 2430 pleno
700 2343 785 2410 subit
804 2345 882 2412 ostia
902 2345 989 2430 velo,

230 2453 271 2517 In
289 2463 385 2540 portu
406 2439 500 2516 versa
523 2460 569 2515 est
588 2461 649 2538 pet
669 2471 761 2516 mare
780 2451 859 2516 iacta
880 2452 967 2517 ratis.
1037 2455 1038 2459 ’

189 2560 265 2625 Lux
286 2557 355 2630 cito
368 2579 497 2622 summa
519 2557 625 2640 datam,
649 2572 801 2646 natusque
822 2557 1014 2644 extinguitur
1034 2554 1151 2643 infans,
1215 2586 1217 2590 ·

235 2663 338 2751 Atque
358 2663 484 2727 animae
503 2661 611 2750 prima
631 2663 690 2728 lux
711 2662 773 2728 cito
793 2685 923 2727 summa
949 2663 1051 2730 datm·-

124 2783 170 2846 35
192 2772 270 2838 Sunt
291 2770 375 2833 mala
396 2765 530 2832 laetitiae
551 2767 681 2834 diversa
701 2768 771 2854 lege
792 2779 903 2854 creata,

231 2877 274 2941 Et
294 2875 399 2940 innota
420 2871 542 2938 assidue
562 2885 634 2940 sunt
658 2873 744 2938 mala
763 2873 907 2940 laetitiae.

637 3049 722 3124 252·

595 3156 764 3222 Pentadio·

548 3261 582 3314 de
598 3261 714 3314 adventu
731 3262 811 3315 reris.

3 2727 7 2834 μ
77 2671 81 2682 ,

190 3395 316 3479 Sentio,
343 3391 425 3480 fugit
444 3392 568 3474 hiems,
589 3393 814 3484 Zephyrisque
836 3393 1047 3480 animantibus
1069 3392 1181 3460 orbem

229 3500 300 3564 Iam
320 3512 403 3588 tepet
424 3501 528 3564 Eurus
552 3501 658 3588 aquis3
680 3500 792 3584 sentio,
814 3499 895 3590 firgit
914 3503 1030 3587 hiems,
1063 3487 1064 3496 ἵ

3 3619 8 3658 t
187 3605 331 3672 Parturit
345 3607 452 3672 omnis
473 3629 562 3694 ager,
586 3607 740 3695 persentit
760 3620 844 3674 terra
866 3609 1008 3674 calorem

231 3710 503 3798 Germinibusque
522 3712 618 3779 novis
638 3714 775 3803 parturit
795 3716 901 3781 omnis
923 3699 1008 3802 a'ger,¹

124 3828 145 3890 5
187 3817 286 3882 Laeta
307 3817 409 3882 vireta
428 3830 570 3900 tument,
590 3817 677 3884 foliis
697 3844 764 3886 sese
783 3821 887 3888 induit
907 3820 1013 3904 arbor,

226 3920 374 3988 Vallibus
396 3923 510 4010 apricis
529 3926 612 3989 laeta
631 3925 733 3991 vireta
752 3939 886 3992 tument.

186 4029 258 4093 lam
278 4027 458 4098 Philomela
477 4030 578 4116 gemit
597 4031 738 4096 modulis
758 4033 851 4119 Ityn,
879 4032 968 4121 inpia
988 4041 1100 4113 mater,

230 4132 385 4200 Oblatum
406 4135 525 4200 mensis
546 4135 612 4200 iam
634 4135 814 4201 Philomela
835 4138 945 4224 gemit.

189 4237 304 4304 Monte
324 4241 474 4306 tumultus
499 4264 596 4328 aquae
616 4255 767 4330 properat
786 4266 845 4334 per
865 4243 951 4310 levia
971 4263 1046 4310 saxa
1158 4264 1162 4271 ·

127 4357 170 4421 10
231 4345 274 4410 Et
294 4344 355 4410 late
375 4359 633 4417 resonatmonte
652 4349 805 4415 tumultus
826 4372 933 4438 aquae.
1108 4401 1152 4448 1:

981 4449 1031 4520 7*
1229 4501 1232 4504 .
