3000 4820
772 236 846 311 144

341 426 395 492 sic
413 427 515 515 placet
535 423 685 490 obscuros
706 424 856 516 elephans
883 425 1023 493 inmanis
1045 426 1080 492 in
1101 439 1196 512 artur,

276 613 278 620 y
340 533 394 599 sic
415 530 491 615 huis
512 529 694 618 piperisque
713 529 788 594 Indi
808 531 942 618 nigredo
972 533 1135 622 plaoesoit.
1239 523 1247 526 ⁸

340 640 544 704 Postremum
566 647 651 700 tanto
673 632 785 726 populi
806 635 999 723 pulchrescis
1022 661 1151 719 amore3

343 743 481 810 Foedior
501 754 546 807 est
563 752 716 829 quantum
737 740 870 830 pulcher
889 741 960 809 sine
980 741 1103 809 viribus
1126 743 1213 810 aller.

512 976 743 1066 Epitaphium
763 975 915 1042 eiusdem
938 975 1106 1069 Olympii.

343 1081 487 1149 Venator
507 1081 643 1147 iucunde
663 1079 762 1146 nimis
783 1092 875 1167 atque
895 1082 1100 1150 artiferarum

323 1188 443 1276 *Saepe
462 1188 605 1277 placens,
627 1185 716 1273 agilis
723 1235 733 1270 ,
755 1199 876 1274 gratur,
900 1184 1112 1274 fortissimus,
1142 1189 1254 1269 audax,

342 1292 408 1379 Qui
426 1314 520 1379 puer,
553 1289 592 1353 ad
611 1289 742 1362 iuvenes
770 1290 849 1355 dum
869 1313 936 1356 non
958 1293 1141 1360 adiunxeris
1163 1320 1275 1380 annos,

341 1396 464 1464 Omnia
485 1405 610 1458 maturo
633 1395 813 1485 complebas
835 1393 915 1461 facta
935 1395 1065 1479 labore3

345 1501 430 1588 Qui,
450 1500 524 1565 licet
544 1522 588 1564 ex
610 1500 741 1588 propria
761 1500 887 1590 populis
908 1500 990 1566 bene
1009 1502 1102 1567 laude
1121 1505 1274 1593 placerea,

341 1604 524 1673 Praestabas
545 1602 632 1686 aliis,
659 1616 693 1669 ut
712 1617 817 1670 tecum
838 1605 969 1672 vincere
989 1622 1132 1696 possent3

343 1714 510 1797 Tantaque
530 1707 698 1774 mirandae
722 1707 847 1774 fuerant
874 1709 932 1776 tibi
952 1713 1094 1800 praemia
1115 1712 1270 1795 formae*

345 1815 388 1886 Ut
408 1827 439 1882 le
458 1826 529 1903 post
547 1811 653 1879 fatum
671 1813 806 1880 timeant
824 1815 1013 1904 laudentque
1033 1817 1165 1884 sodales.

343 1924 433 1988 Heu!
464 1943 551 1986 nune
570 1934 638 1986 tam
660 1920 767 1987 subito
789 1921 903 1988 monis
930 1921 1037 1987 livore
1058 1933 1260 2012 peremptum

261 2044 304 2105 10
344 2029 406 2094 Iste
427 2025 509 2114 capit
528 2027 686 2108 tumulus,
715 2046 811 2112 quem
832 2049 900 2092 non
920 2028 1120 2117 Carthaginis
1144 2049 1231 2094 arces

344 2129 614 2218 Amphitheatrali
633 2142 803 2219 potuerunt
822 2130 909 2197 ferre
928 2133 1106 2222 triumpho.

279 2254 282 2264 ¹
348 2235 411 2302 Sed
432 2233 515 2298 nihil
535 2233 575 2298 ad
596 2234 709 2300 Manes
728 2234 792 2299 hoo
812 2232 925 2301 funere
952 2240 1059 2327 perdis
1081 2235 1213 2303 acerbo:

343 2337 442 2406 'Vivit
462 2335 548 2402 fama
570 2337 614 2402 tui
635 2349 707 2426 post
728 2350 758 2403 te
778 2340 934 2426 longaeva
959 2339 1083 2406 decoris

345 2443 453 2534 Atque
472 2455 564 2509 tuum
589 2464 712 2510 nomen
732 2466 860 2534 semper
881 2446 1039 2531 Carthago
1059 2446 1217 2532 loquetur·
1320 2432 1323 2436 ⁵

774 2586 860 2666 362·

615 2677 672 2746 De
692 2677 874 2748 Chimaera
893 2703 1010 2746 aenea.

331 2809 336 2817 ’
425 2781 523 2852 Aeria
545 2781 692 2870 fulgiduli
715 2787 819 2852 nitens
840 2786 987 2870 metallo,

426 2889 517 2978 Ignes
538 2889 683 2979 pertulit,
703 2904 775 2956 ante
796 2899 874 2978 quus
897 2895 1065 2974 movebat,

424 2995 468 3063 Et
487 2994 567 3062 faeta
587 3008 633 3062 est
653 2995 771 3062 melior
791 2995 963 3064 Chimaera
982 2995 1135 3064 flammis.

779 3139 863 3219 363·

283 3229 341 3300 De
360 3241 478 3298 atataa
502 3228 543 3299 V
540 3232 666 3313 enoria,
693 3233 730 3299 ia
752 3235 849 3300 cuiue
872 3232 986 3322 capite
1005 3233 1114 3300 violae
1134 3243 1215 3300 ruat
1232 3241 1348 3298 natae.

427 3347 565 3435 Cypria,
587 3343 757 3413 candidulo
780 3347 904 3413 reddita
924 3371 1108 3428 marmore,

427 3451 551 3517 Veram
572 3477 606 3518 ae
627 3451 785 3520 exanimis
807 3475 943 3542 corpore
962 3453 1122 3542 praebuit,

426 3554 547 3624 Infodit
570 3558 709 3647 propriis
730 3557 879 3623 membra
900 3558 1079 3642 coloribus,

427 3662 492 3726 Per
512 3661 629 3728 florem
650 3663 686 3728 in
705 3675 838 3729 statuam
858 3661 987 3728 viveret
1006 3675 1040 3727 ut
1062 3687 1165 3729 suam.

429 3766 501 3832 Nec
521 3767 663 3833 mendax
682 3767 770 3834 locus
788 3781 849 3852 est,
871 3768 926 3855 qui
947 3767 1049 3834 violae
1070 3767 1160 3853 ferat,

429 3872 580 3938 Servabit
598 3871 733 3938 famulas
758 3873 940 3962 inguinibus
961 3894 1060 3938 rosas.

779 4018 864 4094 364.

326 4108 374 4182 ,In
395 4131 550 4190 caecum,
577 4111 638 4197 qui
651 4109 820 4200 pulchrae
840 4110 1001 4178 mutieres
1023 4121 1121 4180 tactu
1141 4105 1308 4177 noscebat.

472 4222 571 4290 Lucia
592 4247 722 4309 egenus,
753 4226 867 4292 viduae
886 4223 1016 4307 frontis,

472 4333 537 4428 Iter
558 4328 720 4414 amittens,
742 4355 850 4398 oaecue
870 4344 994 4396 amator
