2992 4826
521 529 557 598 O.
586 519 706 596 Helvii
728 523 868 598 Cinnae.

263 637 353 704 Haec
372 633 431 701 tibi
456 631 584 702 Arateis
606 634 749 701 multum
768 636 900 722 vigilata
920 635 1059 703 lucernis

301 739 473 824 Carmina,
495 737 564 825 quis
586 738 675 824 ignes
697 740 864 807 movimus
884 739 1050 825 aetherios,

264 845 362 912 Levis
383 845 420 911 in
439 843 565 910 aridulo
586 844 715 909 malvae
736 845 893 934 descripta
910 846 1023 915 noello
1063 881 1066 892 ·

299 949 449 1017 Prmiaca
469 950 548 1016 vexi
567 969 703 1015 munera
722 949 881 1017 navicula.
986 969 989 978 ’

586 1077 722 1153 77

391 1187 436 1272 P·
462 1185 618 1258 Terentii
647 1183 822 1255 Varronis
850 1187 997 1258 Atacini

606 1292 635 1344 in
651 1288 781 1346 Licinum.

179 1380 369 1447 Marmoreo
388 1380 522 1446 Licinus
543 1382 701 1447 tumulo
688 1395 787 1467 lacet,
810 1391 842 1448 at
863 1383 944 1450 Cato
965 1381 1066 1465 nullo,

221 1485 393 1574 Pompeius
407 1509 528 1574 parvo,
570 1486 652 1572 Quis
673 1498 777 1574 putet,
803 1511 870 1552 esse
892 1487 992 1554 deos?

179 1591 280 1676 [Saxa
299 1603 450 1680 premunt
472 1589 646 1673 Licinum,
671 1593 760 1657 levat
780 1593 888 1658 altum¹
901 1592 989 1658 fama
1010 1595 1177 1676 Catonem,

222 1696 416 1787 Pompeium
436 1695 529 1764 tituli.
572 1696 743 1765 Credimus
766 1721 833 1762 esse
854 1699 953 1778 deon]

663 1827 723 1898 78.

387 1934 433 2002 P.
460 1931 618 2004 Decentii
641 1929 683 1998 V
679 1928 818 1997 arronis
841 1925 1012 2006 Atacini„

548 2040 594 2111 (ox
620 2033 838 2104 Chorograpirin.)
974 2057 977 2064 ·

222 2125 316 2191 Vidit
336 2136 366 2191 et
387 2125 526 2193 aetherio
548 2126 709 2190 mundum
728 2121 908 2209 torquerier
929 2146 999 2207 axe,

221 2233 265 2298 Et
283 2240 408 2320 septem
429 2231 563 2298 aeternis
583 2229 730 2295 sonitum*
748 2227 825 2292 dare
846 2227 980 2294 vocibus
1002 2230 1095 2298 orbes

220 2337 368 2404 Nitentes
389 2332 459 2402 aliie
480 2335 575 2419 alios,
609 2335 689 2422 quae
708 2332 855 2398 maxima
875 2332 961 2398 divis

207 2441 357 2516 Laetitia
377 2453 440 2508 cett
469 2452 502 2508 at
522 2453 592 2509 tum
613 2443 709 2527 longe
728 2437 908 2526 gratissima
932 2439 1054 2506 Phoebi
1179 2442 1208 2499 s

158 2559 182 2622 5
223 2548 364 2614 Dextera
384 2548 570 2616 consimiles
590 2547 765 2614 meditatur
785 2544 924 2618 reddere
943 2565 1050 2610 voces.
1101 2541 1107 2546 ’

222 2687 267 2752 Et
287 2685 425 2774 quinque
445 2685 600 2752 aetherius
620 2683 710 2751 nonis
732 2681 907 2769 accingitur
929 2683 1033 2750 orbis.

143 2791 145 2798 ⁴
225 2790 278 2858 Ac
297 2803 422 2857 vastant
441 2791 523 2856 imas
544 2790 684 2874 hiemes,
712 2789 917 2876 mediamque
941 2790 1078 2855 calores:

225 2897 279 2963 Sic
295 2909 399 2965 terrae
420 2909 579 2962 extremas
601 2895 685 2961 inter
701 2895 908 2981 mediamque
929 2895 1087 2980 coluntur,

225 3005 298 3091 Qua
317 3002 394 3068 solis
416 3000 519 3065 calido
539 3023 718 3086 numquam
738 3013 808 3063 rota
829 2997 953 3064 ferveat
969 3000 1053 3084 igne.

139 3157 184 3224 10
224 3145 315 3229 Ergo
335 3140 419 3204 inter
438 3137 515 3200 solis
535 3104 705 3200 stationem
725 3148 756 3198 et
776 3134 882 3198 sidera
900 3145 1025 3219 septem

224 3247 425 3332 Exporrecta
444 3240 524 3308 iacet
542 3239 645 3312 tellus.
685 3236 773 3306 Huic
793 3235 913 3312 extima
933 3238 1029 3304 fluctu

226 3348 359 3433 Oceani,
384 3345 521 3412 interior
541 3345 694 3434 Neptuno
716 3342 853 3430 cingitur
874 3365 943 3408 ora.

227 3489 376 3577 Cingitur
396 3487 542 3570 Oceano,
570 3482 702 3570 Libyco
723 3505 830 3565 mare,
858 3479 994 3546 flumine
1013 3479 1104 3546 Nilo.

226 3623 433 3693 Omnivomo
455 3623 596 3690 Oceano.
633 3623 808 3712 Hyperion
830 3617 969 3706 fulgurat
989 3617 1090 3684 Euro.

143 3745 187 3810 15
228 3729 368 3798 Arctaco
389 3731 528 3818 plaustro
548 3729 667 3796 Boreas
690 3727 840 3794 baubatur
862 3725 901 3790 ab
925 3727 1069 3807 Haemo,

227 3833 388 3924 Hesperio
411 3835 565 3923 Zephyro
586 3835 642 3900 sed
664 3823 771 3903 Orion
795 3831 936 3897 volvitur
956 3833 1052 3896 Istro.

227 3941 333 4008 Fulvo
354 3937 480 4024 acrique
499 3951 577 4006 noto
598 3963 678 4026 vaga
702 3939 844 4026 Cynthia
864 3935 991 4024 proruit
1008 3934 1106 4001 Afro.

228 4079 338 4146 Indica
354 4100 422 4143 non
441 4098 557 4162 magna
577 4047 687 4143 min-or
707 4080 822 4144 arbore
844 4075 955 4140 crescit
975 4075 1113 4140 arundoz

231 4187 320 4254 Illius
342 4182 470 4251 clentis
492 4181 650 4272 premitur
671 4181 979 4264 radicibus-humor,

146 4311 190 4376 20
232 4291 348 4363 Dulcis
362 4289 419 4358 cui
439 4300 595 4378 nequeant
615 4308 709 4352 succo
732 4287 922 4353 contendere
942 4287 1050 4351 melle.

1019 4439 1068 4504 2*
