2876 4824
721 168 831 220 XXVI

674 242 879 262 m

299 353 435 452 aliquot
459 351 640 424 codicibus
664 353 894 444 tribuentem
929 377 1055 428 rerum
1081 379 1127 428 an
1153 358 1252 430 idem
1274 361 1339 449 sit,

300 458 532 532 vehementer
557 451 692 522 dubito.
743 454 977 546 Epigramma
1002 457 1098 529 euim
1121 458 1282 550 lepidum
1301 471 1342 530 et

301 568 473 639 acutum,
485 561 698 643 argumenta
708 576 798 625 vero
815 556 853 622 in
867 553 1014 646 Virgilii
1029 581 1139 648 opera
1152 559 1337 650 languida.

225 655 287 728 66.
307 651 497 722 Gallienus
513 649 722 742 imperator.
746 652 784 722 la
803 654 948 744 imperii
965 679 1114 726 consors
1130 682 1160 726 a.
1179 683 1215 729 u.
1237 658 1339 726 1006

218 800 223 826 2
300 754 413 826 factus
439 751 616 820 occiditur
641 777 671 821 a.
714 773 818 822 1021.
860 751 930 844 Ep.
958 753 1041 822 252.
1084 754 1127 826 A.
1154 757 1219 826 III.
1243 757 1338 826 Ι258.

300 851 570 944 epithalamium
584 853 745 922 amabile.
769 851 879 940 Quod
896 853 1095 924 carminum
1107 873 1223 946 genus
1237 855 1341 948 apud

298 954 485 1024 Romanoa
516 950 614 1018 haud
646 952 871 1043 infrequens¹
887 951 977 1035 fuit,
1010 956 1145 1046 quippe
1180 965 1339 1043 constat,

301 1063 447 1123 centum
462 1061 652 1140 poetarum
673 1051 899 1144 epithalamia
919 1051 1007 1120 olim
1018 1055 1198 1124 extitisse.
1225 1054 1338 1122 Oonf.

301 1150 677 1244 TrebelliiPollionis
704 1149 861 1220 Gallieni
885 1150 970 1221 Duo
996 1179 1027 1222 e.
1057 1174 1112 1222 11.
1140 1154 1185 1222 T.
1212 1153 1259 1222 II.
1299 1176 1339 1246 p.

196 1315 199 1320 .
300 1247 382 1324 215.
411 1249 692 1324 Wernsdorfiuo
715 1251 756 1320 in
780 1251 881 1326 Poot.
905 1249 967 1320 lat.
996 1252 1041 1322 T.
1069 1252 1194 1347 111.‚p.
1224 1252 1311 1342 574.

225 1355 284 1448 67.
310 1350 429 1427 Attus
456 1347 605 1426 Ovidius
630 1346 855 1426 Inventione.
901 1375 957 1444 ep.
986 1353 1069 1423 253.
1109 1350 1150 1422 Α.
1177 1353 1223 1424 V.
1251 1351 1356 1421 145.¹

297 1454 476 1536 Novimus
494 1475 541 1520 ex
558 1448 681 1518 codice
700 1451 751 1519 St.
768 1449 885 1539 Galli,
900 1475 1011 1543 quem
1026 1449 1222 1535 Goldastus
1238 1473 1337 1520 eon·-

277 1554 448 1640 tulerat,
467 1551 602 1643 elegiae
629 1561 833 1638 auctorem,
852 1553 954 1620 euius
970 1562 1121 1622 oetatem
1142 1542 1337 1620 Bernharss

275 1655 389 1746 udyus,
415 1647 535 1743 (Rom.
550 1649 791 1720 Litt.·Gesoh.
816 1645 961 1742 paea.)
988 1651 1208 1742 cooperuit,
1234 1649 1337 1742 quod

150 1757 164 1775 ‘
227 1814 231 1820 .
299 1755 395 1824 Geta
412 1753 616 1844 ,imperator
642 1751 870 1846 quaestiones
892 1751 937 1818 de
956 1750 1103 1822 vocibus
1123 1750 1334 1818 animalium

302 1855 461 1923 excitare
486 1851 633 1919 solebat
685 1851 894 1942 Spartianus
928 1851 1088 1922 enimin
1114 1851 1187 1925 rita
1211 1847 1335 1918 Anto-

299 1952 379 2020 nini
403 1949 519 2026 Getae
543 1971 573 2017 o.
591 1947 624 2013 5.
653 1949 697 2015 T.
716 1951 744 2016 Ι.
769 1975 804 2041 p.
824 1951 907 2039 741.
933 1951 1037 2020 dicit:
1071 1949 1264 2023 Familiare
1280 1948 1336 2016 illi

256 2075 259 2082 ’
298 2047 468 2128 suithes
500 2045 729 2138 quaestiones
762 2053 1003 2137 grammaticis
1035 2072 1259 2144 proponere,
1292 2059 1337 2120 ut

268 2148 484 2234 dicerent,
506 2143 647 2236 singula
672 2144 840 2226 animalia
861 2149 1042 2236 quomodo
1068 2172 1195 2219 vocem
1221 2149 1334 2219 emit-

299 2258 440 2334 terent,
465 2246 564 2318 velut
588 2245 674 2335 agni
695 2244 835 2334 balant,
859 2244 1010 2336 porcelli
1026 2246 1238 2336 grunniunt,
1261 2269 1333 2336 pa-

222 2371 244 2394 *
300 2347 439 2416 lumbes
465 2345 709 2434 minurriunt,
735 2345 811 2416 ursi
827 2344 1009 2432 saeviunt,
1034 2343 1159 2414 leones
1172 2345 1331 2433 rugiunt,

241 2516 246 2528 ,
289 2445 463 2537 leopardi
482 2447 631 2533 rictam,
649 2443 831 2536 elephanti
846 2443 1029 2534 barriunt,
1043 2465 1151 2514 ranae
1167 2452 1332 2532 coenant,

303 2547 386 2637 equi
410 2545 601 2633 hinniunt,
628 2544 720 2612 asini
746 2544 903 2632 rudunt,
928 2544 1025 2612 tauri
1036 2545 1220 2634 mugiunt,
1247 2565 1331 2625 eas·-

178 2702 184 2716 .
302 2669 373 2738 que
405 2645 450 2712 de
482 2645 663 2715 veteribus
683 2644 848 2735 probare.
874 2681 926 2694 —-
957 2643 1075 2734 Igitur
1104 2643 1182 2714 veri
1216 2641 1333 2710 simile

304 2756 358 2814 est
364 2759 390 2828 ,⁰
405 2743 576 2817 Ovidium
603 2744 836 2814 Iuventinum
860 2743 1045 2835 aequalem
1071 2741 1237 2833 Septimii
1251 2739 1333 2810 An-

300 2843 421 2911 tonini
437 2843 569 2931 Getae,
597 2845 658 2934 qui
682 2869 712 2912 a.
730 2867 765 2912 u.
794 2841 866 2930 965
892 2867 914 2911 a
939 2843 1119 2912 Caracalla
1136 2841 1249 2912 fratre
1266 2865 1333 2908 oc-

302 2943 397 3010 cisus
425 2953 497 3029 est,
522 2941 643 3012 fuisse.
693 2943 795 3014 Duas
820 2940 954 3034 elegiae
973 2943 1202 3011 recensiones
1226 2951 1332 3010 exta-

300 3063 360 3128 re,
383 3042 423 3107 in
447 3041 678 3126 adnotatione
703 3043 798 3131 dixi,
825 3053 862 3111 et
886 3042 996 3110 satius
1021 3042 1155 3128 fuerat,
1189 3053 1333 3110 utram-

301 3163 373 3232 que
398 3139 598 3230 legentibus
623 3143 787 3230 tradere,
823 3167 930 3233 quarn
954 3143 1099 3212 tertiam
1127 3165 1172 3210 ex
1198 3141 1334 3210 duabus

300 3239 542 3325 constituere,
565 3263 656 3329 quae
681 3241 818 3309 nullam
841 3243 952 3308 habet
980 3241 1239 3308 auctoritatem.
1290 3237 1333 3303 Id

299 3357 387 3403 vero
404 3336 490 3403 lecit
504 3337 800 3425 Wernsdorfius,
814 3362 922 3428 quem
938 3337 1131 3428 sequebar,
1148 3336 1231 3426 quio
1245 3345 1333 3404 tuno

300 3432 470 3501 Goldasti
495 3435 629 3506 librum
655 3437 820 3506 nondum
844 3447 970 3506 nactus
995 3459 1103 3504 eram.

226 3525 285 3608 68.
312 3530 469 3600 Soiirme.
497 3557 552 3626 ep.
581 3537 663 3604 254.
690 3533 732 3604 A.
742 3535 779 3604 V
780 3586 788 3602 .
820 3535 899 3603 115.
926 3534 1009 3602 Hoc
1020 3530 1231 3602 Lucretiani
1249 3553 1333 3600 car-
1360 3537 1362 3541 ’

298 3633 409 3702 minis
434 3635 673 3723 granditatem
702 3634 856 3704 feliciter
885 3634 1047 3703 imitatur
1079 3633 1333 3724 fragmentum,

300 3731 399 3802 unde
422 3731 582 3802 Varroni
606 3733 760 3804 Atacino
784 3734 966 3804 tribuebat
989 3731 1201 3803 Scriverius.
1251 3731 1334 3798 Sal-

298 3831 433 3900 masius
460 3834 603 3922 scribit,
630 3834 794 3902 Solinum
823 3833 997 3902 ducentos
1023 3833 1101 3902 fere
1120 3853 1234 3900 annos
1250 3841 1333 3921 post

298 3927 458 3998 Plinium
483 3931 636 4022 vixisse,
659 3933 710 4003 ita
723 3944 765 4002 ut
779 3944 875 4002 aetas
892 3933 970 4001 eius
987 3934 1083 4002 circa
1096 3953 1232 4000 annum
1245 3928 1333 3996 mil-

230 4028 232 4038 ‘
298 4025 467 4098 lesimum
491 4051 527 4097 u.
555 4055 584 4098 c.
611 4032 670 4102 vel
697 4030 766 4120 247
793 4055 829 4123 p.
856 4031 942 4100 Chr.
969 4033 1149 4102 inciderit.

222 4127 285 4216 69.
312 4119 491 4206 Hosidius
509 4129 616 4198 Geta.
644 4155 700 4224 ep.
720 4131 802 4200 255.
830 4127 871 4200 A.
890 4130 917 4197 Ι.
940 4132 1019 4219 178.
1053 4127 1219 4222 Aequalis
1232 4125 1332 4194 Ter-

299 4224 462 4322 tulliani,
488 4231 550 4324 qui
575 4228 752 4324 Septimio
780 4230 917 4306 Severo
953 4241 990 4304 et
1011 4227 1192 4302 caucana
1214 4226 1334 4320 impe-
