3002 4816
693 233 766 306 205

234 445 236 450 ’
268 420 400 510 Accepit
421 423 603 489 venientem
625 444 661 485 ac
683 421 835 488 mollibus
855 424 968 489 extulit
994 425 1098 494 undis.

267 527 320 591 Illi
341 528 450 608 (sensit
463 527 559 618 'enim
575 539 667 608 tuas,
679 548 706 590 o
728 524 917 609 clarissime,
946 527 1056 610 frater)

271 631 442 698 subsidunt
456 631 580 716 undae,
602 639 782 696 straverunt
803 651 940 716 aequora
960 635 1057 700 venti.

181 749 224 812 25
266 739 362 802 Nunc
381 737 486 824 pelagi
504 734 673 822 nymphae
695 733 819 798 crinem
841 735 880 800 de
904 760 998 802 more
1019 751 1176 806 tenentem

265 841 461 923 Suspensum
483 851 513 904 e't
534 838 653 927 pariter
674 839 844 925 comitique
864 841 1021 928 onerique
1040 844 1216 914 timentem.

263 944 401 1031 Egregia
424 944 543 1008 interea
562 964 689 1006 summa
708 941 853 1008 sublimis
874 945 912 1008 ab
935 947 1019 1010 unda

263 1051 369 1114 Prona
388 1047 469 1136 petit
489 1045 590 1109 maria
611 1057 640 1110 et
655 1047 766 1134 pelago
790 1047 929 1114 decurrit
948 1065 1073 1139 aperto:
1184 1047 1188 1056 ’

262 1155 357 1218 Tunc
379 1155 471 1218 laeva
491 1163 615 1216 taurum
636 1171 736 1215 cornu
756 1163 840 1216 tenet
859 1153 960 1221 inscia
986 1158 1095 1246 culpae
1176 1192 1182 1206 ι

177 1269 221 1330 30
263 1256 474 1342 Obliquatque
494 1254 580 1318 sinus
608 1253 644 1318 in
665 1267 799 1320 ventum
822 1279 994 1352 atramque
1014 1276 1171 1349 patentes:

164 1423 166 1426 .
256 1362 319 1426 tlte
326 1410 336 1444 ,
357 1381 491 1424 manum
510 1357 647 1446 patiens,
669 1383 748 1424 vero
769 1365 957 1449 properabat
977 1389 1099 1433 amore.

259 1469 319 1548 Et,
342 1467 448 1531 ductus
470 1486 589 1546 cornu,
616 1487 676 1530 rex
697 1466 924 1552 omnipotentis
947 1470 1087 1558 Olympi

258 1574 420 1638 Insuetum
441 1594 499 1659 per
519 1569 578 1634 iter
598 1569 700 1634 tacitis
728 1571 922 1656 subremigat
943 1574 1045 1652 unalis,

257 1677 418 1762 Perfidus,
440 1676 500 1741 alta
518 1686 645 1762 petens,
660 1673 795 1741 abducta
817 1675 944 1761 virgine
964 1678 1094 1765 praedo.

675 1817 759 1896 576·

571 1926 574 1932 ¹
595 1927 650 1997 Dc
670 1924 851 1998 vinalibus.

254 2047 333 2111 Non
353 2046 412 2112 tibi
433 2048 508 2112 vina
528 2046 670 2135 placent,
691 2072 710 2112 o
732 2044 917 2113 insanabilis
937 2043 1066 2134 hospes,
1151 2073 1152 2086 ¹

253 2152 325 2216 Nec
348 2173 440 2214 mena
465 2163 509 2214 est
530 2150 684 2217 Thebana
704 2153 778 2234 tibi,
799 2152 872 2217 licet
893 2174 1005 2237 aggere
1026 2155 1108 2218 celsa
1222 2207 1224 2210 .

252 2256 406 2320 Dircaeae
426 2255 514 2343 rupis
537 2255 620 2322 dicas
642 2256 771 2324 fluxisse
792 2268 937 2345 parentes
1110 2337 1112 2345 γ

251 2361 381 2427 Vertice
401 2361 441 2424 de
461 2359 570 2426 Nisae.
611 2361 674 2427 Per
693 2384 769 2426 rura
790 2373 820 2426 et
837 2373 945 2427 nostra
966 2363 1094 2449 Lyaeus

162 2477 188 2539 5
250 2465 393 2531 Transiit
412 2463 609 2552 inplevitque
631 2467 699 2532 vias
721 2466 914 2553 nigrantibus
936 2466 1018 2532 uvis.

249 2571 358 2637 Musta
377 2569 439 2636 sibi
459 2567 560 2659 poscit
580 2570 687 2652 Pater,
709 2584 826 2663 etluon
847 2584 990 2658 tempore
1011 2572 1050 2636 ab
1072 2573 1129 2638 illo

246 2676 418 2740 Desierunt
437 2673 514 2738 haec
534 2695 621 2737 sacra
641 2675 721 2758 coli,
749 2687 920 2760 vatumque
939 2698 1057 2740 sonoro
1094 2731 1096 2736 a

249 2781 403 2846 Carmina
422 2777 564 2843 Mincius
586 2778 764 2843 attremuit
784 2778 963 2868 circumsita
987 2779 1057 2868 ripa

247 2882 405 2950 Fluminis
427 2879 569 2961 Etrusci,
592 2903 687 2967 quern
707 2905 775 2946 non
795 2883 943 2968 aequabit
964 2884 1115 2949 Orontes.

673 3025 757 3100 677·

588 3131 644 3197 De
664 3131 852 3226 Apolline.¹

240 3232 356 3316 Gratia
379 3269 496 3334 magna
515 3245 596 3330 tibi,·
611 3247 730 3322 Paean,
760 3247 814 3332 qui
834 3259 961 3338 pectora
979 3249 1136 3338 comples.

232 3383 234 3387 ’
286 3357 420 3438 Lector,
441 3352 469 3418 si
490 3350 612 3435 faveas,
626 3350 728 3440 gratia
749 3375 864 3440 magua
883 3351 951 3417 tibi.

242 3611 396 3677 Hercules
416 3605 552 3688 invicte,
581 3607 695 3671 Cautus
716 3608 778 3672 hoe
798 3621 852 3672 tuo
876 3606 997 3670 donum
1019 3605 1126 3671 libens

238 3714 379 3780 Numini
399 3723 506 3776 sancto
530 3709 647 3776 dicavit
674 3727 801 3801 praetor
821 3710 909 3776 urbis
926 3712 1075 3777 Annine.

238 3821 322 3886 Cum
340 3817 395 3905 pia
415 3816 561 3880 solemne
582 3831 689 3882 menta
709 3817 770 3883 rite
790 3814 913 3880 fecisset
935 3825 1045 3898 tuum,

164 3943 166 3948 ·
238 3921 431 4002 Tradidisti,
458 3919 543 4005 quod
562 3920 672 3984 Potitia
694 3919 868 3986 Evandreo
887 3921 1031 4004 saeculo,

117 4031 120 4038 '
238 4024 553 4094 Administrandum.
603 4022 779 4108 Quotannls
809 4021 863 4088 hic
883 4026 956 4090 ades
978 4025 1062 4091 votis
1074 4024 1212 4112 fovens.

662 4167 745 4248 579.

233 4281 353 4347 Limen
373 4283 412 4347 etl
433 4282 511 4363 hoc,
530 4277 659 4370 populi²
685 4279 857 4366 persolvite
878 4291 951 4346 vota
974 4279 1125 4343 Tonanti.
