2944 4836
310 453 334 504 7.
327 433 514 505 ‚placido-
532 420 684 502 merocli.
710 451 736 486 e.
759 451 812 487 uon
828 433 896 496 ire'to
913 434 1028 503 tumido,
1051 443 1167 535 gemugt
1192 453 1237 488 aus
1254 446 1351 490 sertem

239 527 348 577 senilem
364 523 498 576 Element.

307 630 349 664 11.
365 609 525 682 geminavit]
547 624 684 681 gemmare
706 604 815 674 proprie
839 621 952 670 gemmus
970 608 1094 660 emittere
1111 609 1199 661 vol'
1174 630 1281 680 gignere
1298 633 1350 666 no-
1369 621 1378 634 '

236 712 287 766 tat,
311 701 362 752 hoc
386 699 446 750 loco
474 701 639 768 astrigeram
650 693 757 764 faeiem
772 695 922 764 gemmarii
939 695 1006 756 nihil
1028 697 1101 749 aliod
1123 698 1249 766 significat
1273 690 1350 769 quam

236 803 314 842 astra
331 789 449 854 creavit,
474 789 511 839 ita
528 795 559 837 ul
575 795 643 836 astra
659 802 790 852 gemmare
812 785 902 836 eadem
919 785 1002 852 figura
1020 785 1133 851 dicutur,
1146 806 1201 856 -que
1217 791 1280 858 elius
1297 811 1351 842 ee-

235 879 349 950 drficare
367 880 473 930 domum
491 883 519 925 et
535 872 638 944 similis.
675 873 827 942 Simplicius
849 881 936 924 autem
961 884 1032 926 esset
1048 877 1184 946 astrigera
1193 875 1274 946 facie
1297 882 1347 932 ni-

235 969 291 1020 tido
306 965 456 1038 gemmescit
467 961 596 1031 Olympo.
632 961 676 1012 Sic
695 963 764 1016 enim
781 959 880 1012 Ermius
898 980 941 1030 ap.
961 963 1112 1023 charisium.
1126 983 1153 1032 p.
1172 965 1214 1020 81·
1231 970 1346 1036 Purpu-

233 1059 286 1109 reis
299 1053 448 1126 gemmarii
461 1053 612 1122 pampinus
629 1050 704 1103 uvis.

301 1147 342 1198 15.
358 1139 494 1213 fundato]
519 1157 552 1191 ex
574 1157 622 1189 ms.
648 1154 703 1206 reg.
726 1136 806 1188 Salsu.
835 1137 941 1190 librata
963 1140 1059 1208 vulgo,
1078 1151 1226 1212 'utrumque
1250 1144 1344 1198 eodem

230 1248 321 1293 sensu3
339 1230 481 1282 alterum
473 1249 500 1279 ru
519 1227 601 1279 Ouid.
619 1227 686 1279 Met.
703 1225 726 1279 I.
747 1243 788 1278 ιι.
805 1225 914 1292 iegitur.
957 1281 961 1292 ‘
1003 1282 1025 1300 ·.

299 1320 340 1372 14.
359 1301 545 1386 bethemoth.
565 1335 590 1368 e.
604 1318 706 1382 losum,
724 1331 802 1384 quem
818 1314 846 1372 iu
862 1313 972 1367 aethere
985 1327 1099 1370 teuent.
1096 1306 1236 1384 aeternis
1251 1321 1339 1376 Barth.

229 1411 300 1464 Adi.
321 1407 421 1460 XLIV.
440 1409 467 1460 5.

298 1500 337 1550 15.
354 1497 466 1566 suis]i.
479 1514 504 1546 e.
517 1495 645 1563 propriis

297 1589 339 1642 18.
354 1585 467 1656 pios]i.
485 1602 510 1636 e.
530 1585 656 1650 benignos
673 1589 701 1631 et
716 1582 843 1632 faventes.
863 1589 921 1632 reor
939 1549 1051 1636 serires.

222 1719 228 1736 s
295 1695 338 1730 20.
357 1673 490 1740 litateJi.
509 1691 534 1724 e.
553 1673 663 1740 placata.

294 1782 338 1818 21.
355 1760 479 1828 libemus]
498 1761 563 1814 litus
578 1768 680 1812 tautum
689 1773 828 1826 peragrare
837 1756 870 1807 ad
884 1759 1196 1818 erueudesostrcarmlt.
1209 1763 1338 1820 worma.

224 1885 259 1896 -
280 1854 421 1910 Wrtllnero
438 1851 484 1901 hic
502 1866 592 1903 versus
610 1850 714 1914 ineptus
724 1861 790 1896 esse
808 1844 923 1897 videtur.

291 1960 335 1995 22.
362 1946 477 2008 Tempsa
500 1935 588 2005 coetu]
618 1939 734 2004 Tempsa
759 1935 818 1984 citu
840 1953 902 1988 mss.
925 1935 998 1990 l’itlr.
1023 1937 1088 2009 Reg.
1106 1959 1182 1994 eave
1206 1952 1341 2010 tympana

225 2043 308 2084 centu
326 2029 445 2091 Tollius,
472 2027 518 2096 qui
538 2028 667 2077 Tritonos
683 2021 818 2087 intelligit.
852 2025 928 2076 Cave
947 2029 1062 2096 Tempsa
1079 2027 1185 2080 Solinus
1210 2031 1341 2096 profunda

223 2121 301 2172 maris
318 2119 442 2186 appellat,
460 2116 487 2166 in
504 2116 599 2183 quibus
614 2111 752 2183 Nymphae
769 2129 799 2161 ec
810 2109 941 2162 Nereides
959 2112 1092 2167 domicilia
1107 2117 1218 2172 habeut:
1234 2119 1339 2186 Tempe

224 2209 292 2264 euim
308 2207 353 2258 hic
366 2205 430 2257 loca
441 2222 548 2262 amoena
561 2203 638 2256 maris
654 2201 776 2251 dicuntur
787 2197 849 2266 Ἰ’((110
866 2199 1098 2270 schduen'Thiiler
1116 2205 1164 2256 des
1175 2205 1302 2274 Meercs).

356 2311 449 2345 resono
467 2321 502 2333 —-
517 2291 605 2359 coetu]
622 2291 655 2341 ad
673 2299 750 2339 coetu
767 2287 967 2354 musquetum.
1001 2291 1047 2342 lhr
1058 2293 1151 2356 euch,
1170 2295 1214 2345 die
1231 2295 1273 2345 ihr
1291 2295 1335 2346 ein

221 2384 314 2439 weites
332 2381 434 2451 Tempe
452 2381 487 2433 im
504 2378 669 2440 brausendeu
685 2371 781 2426 Kessel
798 2375 846 2425 des
862 2373 968 2428 Meeres
987 2377 1139 2436 bewolrnet.
1183 2382 1256 2450 Quid
1268 2383 1337 2446 citu,

221 2474 292 2541 quod
315 2473 341 2522 in
364 2481 424 2522 ntes.
456 2471 567 2537 legitur,
599 2467 647 2527 sit,
681 2467 784 2529 ignoro.
818 2461 1014 2517 substantivum
1045 2469 1114 2522 enim
1145 2481 1250 2540 quartae
1282 2472 1335 2522 de-

131 2575 143 2586 ·
222 2560 382 2627 clinatiouis,
398 2561 490 2624 citus,
512 2553 599 2608 sciro
617 2551 725 2619 flexum,
750 2549 875 2620 quodque
898 2553 1039 2622 strepitum
1062 2559 1201 2628 significet,
1228 2558 1256 2611 iu
1279 2577 1333 2610 usu

219 2669 271 2704 nou
283 2641 336 2702 est.

733 2808 824 2884 135·

284 2955 366 3008 Anth.
386 2952 410 3006 1.
438 2951 495 3023 178.
528 2949 558 3004 ln
581 2949 685 3026 Gallice
711 2948 829 3006 editione
852 2946 993 3002 Poetarum
1012 2929 1186 3007 Wermdorffi
1208 2947 1243 3008 T.
1267 2951 1333 3011 Vll.

216 3060 243 3110 p.
263 3041 323 3099 441.
345 3043 454 3111 legitiu.
487 3041 517 3094 tu
533 3058 581 3092 ms.
603 3038 682 3092 salui.
701 3046 729 3088 et
741 3035 840 3103 Lete,
863 3036 910 3089 ubi
927 3042 1058 3108 reperitur
1082 3043 1126 3096 hic
1143 3051 1219 3094 cento
1237 3039 1334 3110 Virgi—

215 3133 312 3197 lianus,
336 3141 428 3184 auctor
443 3145 496 3182 uon
511 3128 666 3182 nominetur.
700 3126 757 3180 Sed
775 3125 954 3182 Tertullianus
980 3130 1014 3181 de
1037 3133 1190 3200 praescript.
1214 3130 1333 3182 Haeret.

214 3239 238 3272 c.
255 3224 297 3290 39·
331 3219 438 3274 Hosidii
462 3219 549 3272 Getae
565 3217 687 3270 Medeam
709 3233 743 3268 ex
760 3215 866 3284 Virgilii
888 3217 1007 3268 versibus
1032 3221 1232 3286 conglutinatam
1254 3219 1335 3284 citet,

213 3310 294 3370 itaut
311 3319 424 3360 nostram
442 3323 500 3358 esse
517 3305 656 3360 huuc-veri
674 3304 708 3358 sit
724 3303 818 3361 simile.
856 3305 954 3370 Vides,
977 3306 1013 3358 uit
1031 3306 1227 3369 Tertullianus,
1245 3309 1334 3359 livdie

213 3414 245 3447 ex
264 3396 380 3466 Virgilio
388 3393 519 3462 sobolom
536 3397 565 3446 in
579 3404 665 3445 tolum
682 3393 768 3446 aliam
786 3394 909 3461 componi
926 3397 1043 3447 materia
1059 3399 1201 3448 secundum
1218 3415 1332 3464 versus,

211 3483 332 3536 versibus
348 3484 495 3536 secuudum
511 3485 655 3537 materiem
673 3484 852 3536 corzcinnetis.
886 3485 1011 3554 Denique
1026 3485 1158 3537 Hosidius
1176 3487 1246 3538 Geta
1260 3489 1333 3540 Me-

211 3573 289 3623 deam
308 3573 478 3642 lregoediam
501 3591 533 3623 ex
555 3573 673 3643 Virgilio
687 3572 844 3640 plenissime
870 3575 985 3625 exsuxit·
1019 3577 1097 3626 Meus
1121 3575 1234 3642 quidam
1255 3591 1332 3643 pro-

208 3661 327 3729 pinquus
342 3679 375 3713 ex
392 3663 483 3712 eodem
495 3672 580 3730 poete
597 3661 670 3712 inter
686 3669 777 3714 cetero
792 3661 854 3712 stili
870 3663 917 3713 sui
933 3663 992 3714 otio
1003 3663 1135 3714 Pinacem
1151 3649 1256 3714 Cebetis
1275 3677 1331 3711 ex-

203 3747 316 3816 plicuit.
352 3748 406 3818 Ahi
424 3750 537 3802 ridicule
553 3748 620 3800 olim
633 3748 702 3800 lunc
719 3745 843 3802 Medeam
860 3749 961 3803 ovidio
978 3750 1108 3815 tribucre,
1124 3747 1170 3799 alii
1189 3765 1249 3798 eum
1262 3748 1330 3800 Ho-

207 3834 304 3888 sidium
322 3826 425 3905 Gelam,
444 3839 489 3908 qui
504 3837 553 3890 sub
573 3835 794 3890 Claudio-consul
814 3837 866 3888 luit
876 3857 906 3892 ss.
921 3855 950 3890 u.
966 3839 1043 3905 See,
1059 3839 1225 3904 intelligunt,
1242 3855 1329 3906 quem

157 3964 160 3970 .
206 3925 360 3993 propagavit
375 3943 492 3978 errorem
509 3925 604 3977 Baehr.
621 3925 655 3976 R.
673 3924 741 3976 Litt.
759 3941 786 3992 p.
805 3925 850 3995 89.

276 4015 317 4066 18.
343 4014 475 4070 oblitusve
498 4015 543 4066 sui
550 4013 562 4080 1
585 4011 718 4066 oblitusve
740 4031 807 4066 suae
828 4033 876 4070 ms.
900 4015 981 4068 Saltu.
1008 4013 1100 4068 Klotz.
1126 4013 1154 4066 in
1177 4011 1271 4066 Antib.
1293 4030 1328 4080 p.

206 4118 256 4169 72„
272 4102 308 4152 ita
325 4111 356 4152 ut
371 4101 467 4165 Medea
483 4118 513 4151 se
530 4102 611 4167 ipsam
628 4101 735 4168 indicet,
753 4119 818 4170 quae
834 4103 931 4156 Iasonis
949 4103 1039 4156 luerit.

273 4189 316 4240 41.
336 4189 474 4256 medioque
491 4187 556 4252 etc]
575 4189 684 4242 inseruit
700 4191 733 4244 B.

271 4276 314 4327 55.
334 4275 438 4340 errans]
453 4292 501 4326 ms.
511 4273 591 4326 Salm.
600 4276 681 4344 Leid.
692 4288 719 4330 et
728 4279 803 4348 Virg.
813 4279 864 4334 Ae.
879 4280 926 4333 IV.
945 4296 1005 4332 211.
1023 4297 1100 4330 erres
1111 4280 1202 4346 vulgo.
1214 4279 1268 4330 Int.
1281 4297 1328 4332 es.

337 4361 433 4426 bostis]
451 4363 545 4430 bospes
561 4363 706 4422 Schrader.
718 4378 745 4416 et
761 4369 880 4421 Pierson.
898 4368 970 4420 Add.
992 4367 1026 4418 T.
1042 4368 1077 4422 Il.
1091 4381 1123 4436 p.
1144 4369 1203 4438 713.
