2876 4824
628 341 630 349 .
757 285 803 334 Vl
848 333 853 342 .

235 463 371 534 diocria
395 463 545 556 quidem
565 487 645 531 esse
667 464 794 534 fatcor.
832 466 887 534 .1d
902 465 1100 536 carminum
1124 484 1237 556 genus
1251 465 1334 535 difo-

235 563 434 652 ficillimum
466 587 544 632 esse
574 574 664 654 puto
692 587 759 632 nec
784 566 1065 658 comparandum
1090 589 1171 634 cum
1196 567 1332 633 ceteris

232 663 349 757 poetis
374 663 634 730 Romanorum.
693 661 953 756 Inscriptiones
979 669 1074 734 enim
1099 687 1235 734 novum
1258 663 1331 731 lit-

231 776 392 830 terarum
416 761 661 833 Romanarum
686 781 798 853 genus
823 765 975 852 faciunt,
1002 763 1098 858 quod
1123 789 1142 832 a
1168 763 1332 830 dictione

226 863 413 930 bonorum
437 873 623 932 auctorum
647 863 800 932 multum
826 865 943 934 distat.
1002 865 1228 955 Quamquam
1253 885 1330 930 ne-

233 962 310 1052 gari
334 984 409 1030 non
425 972 563 1052 potest,
587 963 840 1052 inscriptiones
863 963 1022 1054 publicas
1036 964 1185 1053 privatis
1209 959 1329 1030 marito

233 1084 310 1128 esse
334 1061 622 1151 praestantiores.
677 1060 819 1130 Harum
845 1064 942 1130 enim
966 1088 1084 1132 sermo
1111 1062 1328 1152 plerumque

233 1160 335 1229 rudis
370 1171 424 1228 est
455 1171 491 1228 et
520 1161 773 1252 imperitorum
804 1161 993 1230 hominum
1026 1163 1171 1248 similis,
1207 1160 1326 1228 oratio

231 1259 410 1350 impolita,
437 1271 473 1328 et
497 1261 669 1351 carmina,
697 1261 850 1351 quaein
874 1262 918 1328 iis
942 1260 1128 1354 leguntur,
1154 1259 1328 1334 Horatia-

231 1361 289 1426 nis
322 1369 384 1428 aut
409 1359 443 1430 V
444 1359 617 1450 irgilianis
648 1361 762 1427 multo
794 1370 880 1428 sunt
909 1361 1093 1430 inferiora.
1151 1359 1219 1426 Ne
1234 1381 1325 1428 vero

231 1460 311 1550 quis
334 1458 404 1526 hoc
420 1459 593 1528 iudicium
606 1481 727 1528 meum
751 1459 919 1547 miretur,
943 1460 1167 1546 meminerit,
1192 1481 1326 1548 paucas

229 1571 370 1626 tantum
408 1559 662 1648 inscriptiones
700 1559 866 1626 metricas
907 1583 1113 1650 superesse,
1155 1579 1245 1650 quae
1276 1554 1327 1622 ad

227 1659 351 1749 priora
377 1657 594 1748 reipublicae
608 1668 773 1748 tempora
796 1663 1018 1748 pertineant,
1045 1657 1108 1726 sed
1131 1657 1326 1724 maximam

228 1781 352 1824 earum
384 1767 524 1848 partem
560 1756 604 1824 ad
635 1756 759 1824 infima
789 1780 913 1826 rerum
938 1754 1179 1826 Romanarum
1204 1752 1324 1822 secula

226 1858 459 1924 reiiciendam
486 1879 594 1924 esse·
625 1845 846 1944 Quoautem
861 1859 1021 1949 singulae
1039 1857 1112 1924 sint
1123 1853 1324 1944 insculptae

226 1956 366 2041 seculo,
393 1956 431 2021 in
456 1954 579 2044 paucis
605 1965 769 2021 accurate
795 1954 938 2025 deliniri
961 1967 1099 2050 potest,
1132 1979 1200 2024 nec
1225 1950 1333 2046 uliud¹

227 2055 421 2146 quidquam
438 2050 628 2141 explorare
642 2073 852 2141 possumus,
879 2080 986 2144 quam
1001 2056 1123 2146 paucis
1140 2051 1321 2142 exceptis,

226 2177 318 2244 quae
341 2163 507 2243 tempora
531 2149 874 2240 Scipionum.atque
899 2153 1068 2218 Mummii
1091 2151 1237 2222 Achaici
1262 2159 1321 2218 at-

226 2255 391 2342 tingunt,
418 2251 504 2318 inde
528 2273 548 2316 a
574 2248 715 2318 Tiberii
748 2258 862 2320 aetate
885 2248 1065 2342 usquead
1090 2249 1217 2317 ultima
1241 2247 1321 2317 aevi

223 2352 336 2418 medii
367 2362 531 2441 tempora
563 2347 785 2416 collocandas
819 2369 905 2418 esse.
960 2343 1079 2437 Atque
1102 2369 1176 2414 non
1209 2345 1318 2414 modo

224 2475 244 2517 a
270 2451 383 2518 doctis
408 2448 635 2537 horninibus,
672 2446 736 2515 sed
760 2471 782 2514 a
798 2447 925 2537 quovis
944 2443 1039 2514 malo
1062 2457 1170 2538 poeta
1193 2442 1318 2535 sepul-

224 2549 332 2617 cralia
356 2547 583 2639 fingebantur
599 2549 775 2634 carmina,
801 2557 838 2614 et
859 2543 1053 2616 dolendum
1079 2557 1151 2632 est,
1175 2545 1319 2614 illorum

222 2648 393 2738 pleraque
416 2650 487 2714 iam
513 2645 650 2715 dudum
674 2646 873 2734 interiisse,
897 2668 1069 2737 magnum
1093 2655 1211 2713 autem
1235 2669 1317 2712 ma·—

221 2747 340 2814 lorum
373 2745 571 2815 carminum
604 2767 796 2814 numerum
828 2757 980 2814 aetatem
1012 2743 1148 2814 tulisse.
1197 2739 1316 2834 Atque

221 2845 311 2912 adeo
338 2843 544 2930 difficultas,
586 2867 690 2938 quarn
716 2845 757 2912 iis
782 2847 901 2914 inesse
931 2846 1036 2914 initio
1063 2844 1156 2929 dixi,
1203 2865 1315 2910 exeo

219 2943 433 3036 plerumque
451 2946 596 3033 oritur,
616 2973 618 2976 ·
638 2945 734 3038 quod
772 2955 954 3031 auctores,
997 2955 1039 3012 ut
1071 2942 1216 3030 rustici,
1249 2963 1315 3009 nec

221 3053 344 3132 aperte
370 3067 437 3112 nec
464 3042 636 3112 clarence
661 3045 818 3116 breviter
841 3043 961 3113 dicere
984 3052 1164 3136 poterant.
1213 3039 1312 3110 Ver-

221 3143 320 3210 sibus
344 3155 463 3213 autem
489 3167 595 3234 saepe
618 3151 688 3212 ars'
701 3167 744 3212 ao
766 3155 937 3215 venustas
963 3145 1080 3231 deest,
1117 3141 1190 3208 imo
1215 3139 1323 3210 vitiis«

221 3242 405 3310 abundant
429 3241 581 3310 numeri.
633 3242 745 3308 Cuius
759 3245 815 3310 rei
832 3253 940 3310 testes
963 3253 1049 3310 sunt
1066 3241 1315 3328 epigrammata

224 3361 328 3427 1177.
373 3339 480 3408 1545..
513 3338 616 3405 1502.
653 3337 761 3423 1567.
797 3341 902 3414 1562.
937 3341 1043 3426 1591.
1070 3338 1168 3404 etin
1193 3335 1312 3404 multis

219 3439 302 3504 aliis
336 3436 582 3528 synaloephen
624 3435 840 3528 neglectam,
892 3437 1019 3508 breves
1059 3433 1208 3524 syllabas
1242 3432 1310 3502 arsi

218 3537 385 3626 thesique
414 3537 606 3626 productas
632 3533 889 3628 deprehendas.
939 3535 1040 3604 Haec
1064 3533 1169 3602 facile
1191 3532 1317 3626 augeri·

218 3645 387 3728 poterant
401 3644 583 3725 poemata,
611 3659 694 3704 cum
713 3634 798 3702 inde
823 3660 842 3703 a
866 3635 1067 3707 Burmanni
1090 3633 1310 3724 temporibus

218 3734 352 3802 multae
378 3757 492 3804 novae
516 3756 583 3824 per
608 3746 725 3804 totum
750 3734 895 3826 imperii
919 3735 1076 3804 Romani
1100 3733 1227 3802 orbem
1251 3733 1309 3800 in-

217 3834 433 3924 scriptiones
449 3833 609 3906 detectae
634 3845 769 3904 essent:
796 3857 864 3903 nec
886 3857 1017 3926 paucas
1043 3856 1167 3903 earum
1180 3830 1309 3920 recepi,

215 3933 410 4026 pluresque
442 3932 549 4000 etiam
579 3933 829 4023 inseruissem,
872 3933 902 4000 si
934 3934 1104 4004 Bonadae
1137 3929 1307 4014 collectio,

217 4055 310 4124 quae
335 4033 464 4100 ceteris
488 4032 687 4101 accinctior
709 4042 776 4118 est,
814 4045 959 4124 praesto
980 4033 1119 4101 suisset.
1169 4029 1307 4116 Quam·
1387 4080 1390 4089 .

215 4133 270 4204 vis
297 4134 393 4198 enim
409 4154 484 4200 non
500 4155 584 4200 raro
599 4129 783 4200 Bonadam
802 4135 937 4221 ¹citem,
963 4132 1002 4200 id
1024 4153 1101 4201 non
1127 4153 1172 4196 ex
1196 4125 1306 4218 ipsius

213 4231 327 4318 libro,
366 4229 429 4298 sed
467 4254 513 4299 ex
546 4228 768 4299 Collectione
804 4231 1013 4300 Pisaurensi
1049 4231 1168 4300 facere
1200 4223 1305 4294 soleo.

210 4330 353 4410 ¹Verum
376 4330 554 4402 delectum
583 4329 761 4426 quendam
784 4330 1028 4403 adhibendum
1053 4351 1130 4397 esse
1153 4323 1306 4394 arbitra-

48 4574 329 4729 -κ
