2992 4826
675 261 724 330 33

228 441 344 510 Mollia
364 465 433 512 non
453 445 571 512 iterum
592 446 728 535 carpetis
752 446 873 516 stabula
892 463 979 536 notu,

228 549 344 637 Tuque
360 549 471 618 resiste
488 554 591 642 paterl
613 575 654 616 en
673 552 971 642 primanovissima
983 557 1093 626 nobie!

226 654 357 724 Intueor
378 675 509 745 compos
528 659 681 744 longums
705 659 933 724 manethonis
957 659 993 726 in
1014 657 1089 733 illis.

130 769 183 838 95
225 759 314 826 Rura
334 761 441 826 valete
462 761 601 842 iterum,
631 773 726 848 tuque
745 762 868 852 optima
886 765 998 852 Lydia
1018 768 1121 834 salve!

226 865 305 931 Sive
325 866 389 931 eris
410 878 441 933 et
461 865 488 932 si
509 889 594 951 non,
624 863 755 932 mecum
776 868 927 935 morieris
947 883 1127 959 utrumque.

223 973 419 1038 Extremum
440 993 572 1038 carmen
591 993 800 1055 revocemus,
827 974 967 1058 Battare,
997 997 1109 1049 avena.

223 1077 342 1144 Dulcia
362 1099 471 1142 amara
491 1075 580 1166 prius
601 1075 694 1161 iient,
724 1089 755 1144 et
773 1074 887 1144 mollia
908 1077 998 1163 durs,
1037 1095 1040 1106 '

227 1181 374 1251 Candida
394 1180 486 1268 nigra
506 1183 590 1250 omli
611 1197 759 1267 cernent,
783 1195 813 1250 et
833 1183 964 1252 dextera
983 1186 1085 1270 laeva,
1148 1205 1151 1220 ·

134 1303 205 1365 100
227 1287 414 1374 Migrabunt
439 1309 526 1354 casus
547 1287 648 1356 aliena
668 1289 704 1356 in
727 1311 864 1379 corpora
884 1311 1005 1374 rerum,

224 1394 334 1482 Quam
354 1405 405 1458 tua
427 1390 467 1459 da
486 1393 603 1460 nostris
622 1391 759 1482 emigret
778 1418 855 1464 etna
874 1395 1045 1464 medullis.¹

226 1494 384 1586 Quamvis
405 1495 489 1583 ignis
511 1498 585 1580 eris,
608 1501 757 1588 quamvis
772 1521 863 1588 aqua,
883 1521 1012 1588 semper
1033 1502 1169 1586 amab03

226 1601 352 1668 Gaudia
373 1625 502 1691 semper
526 1605 616 1671 enim
639 1617 691 1674 tua
714 1630 770 1673 me
790 1603 979 1672 meminisse
998 1603 1119 1670 lioebit.

132 1746 135 1752 ·
224 1707 361 1774 Invideo
384 1708 488 1792 vobis,
510 1709 578 1795 agri
600 1707 807 1798 formosaque
826 1721 926 1797 prata,

140 1822 206 1888 105
226 1813 301 1878 Hoo
320 1809 465 1878 formosa
485 1813 598 1899 magis,
622 1837 696 1880 mea
716 1815 801 1900 quod
822 1813 968 1878 formosa
987 1813 1093 1898 puello

225 1918 284 1984 Est
300 1915 412 1985 vobis:
433 1916 525 1984 tacite
544 1931 692 1996 nostrum
711 1915 847 2005 suspirat
867 1929 1026 1990 amorem,

224 2021 294 2087 Vos
312 2039 400 2086 nune
419 2021 476 2086 illa
496 2023 603 2107 videt,
633 2020 726 2088 vobis
748 2043 820 2086 mea
838 2021 951 2108 Lydia
970 2021 1063 2104 ludit,
1142 2072 1145 2085 .

224 2125 296 2192 Vos
314 2143 401 2192 nuno
422 2125 606 2213 alloquitur,
628 2149 688 2194 vos
709 2149 796 2192 nuno
816 2125 935 2192 arridet
956 2127 1077 2209 ocellis,
1144 2145 1149 2153 ·

224 2231 269 2298 Et
286 2251 361 2296 mea
379 2231 551 2300 summissa
571 2234 740 2299 meditatur
762 2231 905 2298 carmina
929 2255 1017 2314 voce,
1071 2302 1074 2326 ι

138 2350 206 2414 110
226 2337 339 2402 Cantat
359 2348 390 2402 et
408 2335 546 2421 interea,
567 2338 651 2406 mihi
671 2361 750 2425 quae
771 2336 914 2404 cantabat
933 2336 970 2403 in
991 2359 1125 2410 aeroma

223 2441 361 2508 Invideo
380 2441 493 2526 vobis,
515 2444 585 2531 agri
591 2468 603 2527 3
631 2443 755 2510 discetis
776 2465 895 2516 amare.
1130 2463 1137 2474 ·

226 2546 259 2614 Ο
279 2545 434 2616 fortunati
452 2548 594 2616 nimium
614 2549 815 2636 multumque
835 2548 928 2634 beati,

225 2653 266 2718 In
284 2652 396 2742 quilius
416 2653 473 2720 illa
490 2655 581 2743 pedis
601 2654 692 2722 nivei
712 2653 846 2740 vestigia
866 2668 973 2745 ponet,
1034 2691 1050 2726 ·.

150 2801 152 2810 ,
226 2759 294 2826 Aut
314 2758 415 2824 roseis
437 2758 542 2846 digitis
560 2759 703 2828 viridem
724 2760 919 2848 deoerpserit
937 2783 1039 2830 uvam
1096 2805 1100 2813 ·

138 2873 205 2946 115
227 2863 338 2952 (Duloi
354 2865 615 2951 namqueltumet
634 2865 782 2932 noudum
797 2865 929 2932 viticula
938 2867 1090 2957 Baedro),
1137 2887 1141 2896 “

226 2969 294 3036 Aut
312 2969 396 3034 iuter
416 2969 555 3051 varios,¹
571 2969 709 3035 Veneris
730 2969 905 3057 stipendia,
930 2969 1027 3034 liores

224 3075 377 3142 Membra
400 3071 564 3141 reclinarit
583 3083 789 3156 teneramque
810 3073 935 3136 illiserit
954 3072 1115 3152 herbam,’.

227 3181 270 3246 Et
289 3189 409 3244 secreta
428 3197 518 3240 meos
539 3171 654 3238 furtim
673 3174 816 3240 narrabit
837 3195 975 3246 amores.

227 3282 422 3351 Gaudebunt
441 3280 559 3361 silvae,
581 3277 760 3365 gaudebunt
782 3279 897 3348 mollia
917 3293 1006 3369 prata

141 3403 206 3468 120
225 3392 268 3458 Et
286 3388 383 3475 gelidi
404 3386 518 3469 fontes,
547 3384 723 3472 aviumque
742 3385 867 3452 silentia
891 3383 978 3468 fient,

226 3494 414 3562 Tardabunt
436 3492 503 3559 rivi
523 3493 663 3560 labentes
684 3513 813 3558 currere
834 3493 1002 3584 lymphae,

225 3602 317 3666 Dum
339 3621 412 3664 mea
432 3597 583 3664 iucundas
605 3609 742 3686 exponat
764 3620 839 3666 eura
861 3601 1013 3686 querelas.

227 3705 364 3772 Invideo
386 3702 497 3784 vobis,
520 3704 604 3790 agri:
625 3727 698 3770 mea
717 3705 831 3790 gaudia
851 3705 983 3787 habetis,
1034 3749 1037 3760 ·
1178 3793 1179 3798 ἵ

227 3813 271 3876 Et
290 3809 384 3874 vobis
404 3830 490 3874 nuno
510 3821 571 3889 est,
594 3831 666 3875 mea
690 3835 768 3897 quae
787 3811 849 3878 suit
869 3824 941 3878 ante
960 3811 1118 3899 voluptas.¹

146 3930 205 3999 125
229 3916 277 3983 At
297 3913 381 3978 mihi
399 3914 561 3980 tabescunt
580 3917 752 3982 morientia
771 3918 922 3983 membra
943 3917 1065 4001 dolore,

228 4026 270 4091 Et
285 4022 372 4088 calor
393 4007 500 4085 inluso
521 4019 643 4086 decedit
662 4019 785 4107 frigore
801 4021 928 4106 mortis,

23 4157 25 4276 y
225 4127 326 4217 ,Quod
342 4149 417 4193 mea
432 4147 501 4192 non
519 4145 651 4190 mecum
670 4126 803 4218 domina
824 4142 883 4194 eet:
904 4133 970 4194 n'on
990 4129 1055 4196 ulla
1074 4125 1177 4215 puella

228 4235 366 4304 Doctior
386 4234 423 4300 in
444 4231 538 4300 terris
559 4228 620 4296 fuit
639 4243 692 4296 aut
711 4229 904 4318 formosior,
925 4255 977 4316 ao,
999 4233 1027 4296 si
1052 4296 1060 4308 ,

21 1567 23 1636 t

229 4341 348 4408 Fabula
364 4363 433 4408 non
454 4360 535 4411 vana
555 4350 610 4426 est,
631 4350 720 4406 tauro
741 4339 821 4405 Iove
840 4339 937 4428 digna
955 4337 1010 4402 vel
1030 4355 1119 4406 aruo.

183 4432 255 4544 tr-
1025 4447 1048 4509 ³
