2902 4840
559 193 765 296 *192-
838 193 841 198 .

609 381 695 466 775.

166 511 300 564 Anth.11.
319 512 362 580 57.
381 527 413 564 ex
430 509 504 562 Suet.
522 508 598 560 Caes.
616 527 639 564 e.
657 511 701 580 49.
736 510 834 566 Versus
850 514 977 566 trochaici
994 518 1138 567 tetrametri
1158 535 1203 569 ca·

98 601 152 666 tat,
167 619 217 652 nec
234 603 312 654 aliter
327 600 354 652 in
370 599 473 663 ceteris,
491 615 557 666 quae
574 609 724 669 sequuntur,
742 602 927 671 epigrammatis
944 605 1078 674 usquead
1096 620 1155 676 779.

164 705 189 741 2.
209 691 309 743 Caesar
323 687 406 754 nunc]
420 705 492 739 nunc
509 690 611 739 Caesar
625 689 715 756 vulgo.

606 832 691 913 776.

159 959 240 1012 Anth.
257 958 291 1008 11.
312 957 355 1024 59.
373 973 406 1008 ex
424 955 498 1009 Suet.
518 958 595 1009 Caes.
612 955 656 1010 51.
680 955 817 1022 ‚‚Ernesti,
840 957 885 1026 qui
903 959 968 1009 duos
985 978 1074 1012 versus
1091 982 1143 1016 non
1160 964 1199 1016 si-

92 1047 291 1117 murmuratus,
312 1045 360 1097 sed
383 1045 439 1095 aliis
461 1045 621 1112 interpositis
644 1053 772 1109 autumat,
796 1046 919 1114 (eumque
936 1059 1039 1100 secutus
1058 1061 1097 1101 est
1113 1051 1198 1106 Beru-

91 1136 160 1187 stein
176 1136 197 1185 l.
215 1135 235 1184 l.
254 1153 282 1201 p.
303 1150 331 1185 11
351 1133 435 1202 sqq),
451 1133 585 1200 neglexit,
611 1131 766 1184 Suetonium
784 1136 816 1185 de
834 1135 949 1187 disticho
966 1137 1067 1206 loqui.⁴‘
1100 1139 1197 1192 Baum-

90 1223 312 1290 garten-Crusius⁸

158 1331 185 1366 a.
202 1308 310 1378 aurum]
328 1329 395 1362 auro
414 1310 442 1362 in
460 1309 554 1361 Gallio
576 1319 699 1378 stuprum
722 1311 827 1363 emisti:
852 1313 897 1364 hie
918 1313 1041 1364 sumsisti
1063 1324 1194 1366 mutuum.

90 1401 180 1468 vulgo.

204 1487 358 1558 effutuisti]
385 1503 433 1554 per
448 1483 581 1554 synizesin
599 1484 824 1556 quadrisyllabum
841 1497 892 1540 est.
910 1489 1016 1540 Santen.
1033 1490 1066 1540 ad
1083 1491 1193 1544 Terent.
1240 1549 1241 1554 ,

17 1579 18 1588 ’
88 1576 128 1630 Μ.
146 1597 173 1646 p.
192 1578 250 1629 182.

204 1663 307 1731 attic]
325 1673 406 1714 etex
430 1679 477 1711 ms.
496 1660 595 1712 Medic.
621 1661 647 1714 5.
670 1663 778 1714 inseruit
802 1664 928 1716 Oudend.
962 1663 1061 1732 Recte,
1077 1665 1125 1716 uisi
1143 1683 1193 1734 po-

87 1756 139 1806 tius
156 1755 184 1806 bi
201 1771 290 1805 versus
305 1753 333 1802 in
351 1750 415 1800 duas
431 1759 518 1814 partes
536 1749 630 1816 singuli
650 1750 787 1802 dividendi
804 1763 879 1804 sunta

415 1823 523 1890 Urbani,
546 1833 647 1876 servate
667 1843 778 1878 uxores.-

411 1909 543 1962 moecbum
564 1909 667 1962 calmem
687 1911 861 1964 adducimus!

412 1993 514 2046 Aurum
534 1996 562 2046 in
584 1995 673 2046 Gallia
694 1997 836 2066 effutuisti:

409 2078 452 2129 hic
472 2080 589 2132 sumsisti
607 2089 735 2134 mutuum.

86 2161 182 2213 Caesar
198 2161 225 2209 in
234 2155 322 2208 Gallia
340 2171 398 2207 cum
415 2157 598 2212 meretricibus
615 2176 706 2213 surum
723 2159 827 2228 effudit,
846 2159 920 2229 quod
935 2165 1008 2214 autea
1019 2157 1117 2214 Romae
1129 2179 1188 2214 mu-

83 2259 157 2299 tuum
173 2255 307 2298 sumserat.

129 2494 230 2545 ¹Anth.
246 2461 283 2546 ll.
300 2494 342 2547 60.
361 2511 393 2549 ex
410 2493 486 2548 Suet.
506 2493 581 2552 Caes.
599 2513 623 2548 e.
643 2496 686 2548 bo.

150 2601 182 2636 1..
192 2581 277 2650 ducit]
296 2585 383 2645 clusit,
402 2586 465 2636 iude
482 2585 511 2638 in
528 2585 634 2637 curiam
650 2583 739 2648 vulgo.

146 2687 173 2722 2.
192 2669 389 2738 deposuerunt]
407 2669 627 2736 quadrisyllabum
645 2685 694 2735 per
710 2670 851 2738 synisesin.

180 2755 342 2820 sumserunt]
361 2755 544 2819 mediantem,
573 2755 645 2806 cuius
661 2757 702 2806 rei
726 2757 845 2823 exempla
868 2756 942 2830 dedit
967 2757 1049 2811 Neela.
1070 2754 1180 2823 dllgeur.

78 2844 242 2909 Sohulseitg.
263 2841 337 2894 1851.
355 2841 392 2891 Η.
411 2841 433 2896 Ι.
450 2858 477 2909 p.
496 2842 540 2908 67.

596 2974 679 3047 778.

144 3091 223 3144 Anah.
239 3090 275 3142 Il.
294 3089 335 3142 61.
355 3107 391 3142 sx
409 3089 483 3142 Suet.
503 3091 578 3144 Caes.
598 3093 640 3144 fio.

147 3198 171 3232 r.
190 3179 267 3251 quia]
284 3196 333 3248 per
348 3180 478 3250 synizesin
495 3179 721 3250 monosyllabum
738 3176 829 3230 itidem
846 3179 873 3230 iu
890 3195 967 3232 versu
982 3178 1110 3248 sequenti.
1131 3180 1178 3247 qui

17 3333 19 3342 .
74 3269 167 3321 Heius.

185 3355 303 3426 primus]
317 3357 408 3426 primo
425 3357 515 3424 vulgo.

139 3604 219 3655 Anth.
235 3603 269 3654 11.
289 3621 345 3672 127.
365 3622 397 3656 ex
414 3603 561 3656 Scholiasta
577 3603 706 3658 luvenalis
722 3603 749 3654 in
767 3603 821 3657 Sat.
840 3605 874 3657 V.
892 3603 918 3655 5.

63 3707 64 3714 ¹
142 3710 165 3743 1.
182 3689 274 3758 aliud]
293 3691 322 3741 ln
339 3693 426 3756 aliud,
443 3692 530 3755 aliud,
544 3689 670 3760 populus,
687 3690 825 3755 voluerat,
842 3690 950 3756 babeat,
968 3687 1053 3751 nibil,
1071 3689 1173 3760 aliquis

71 3782 153 3850 prima
169 3780 244 3848 pedis
260 3797 318 3846 pars
337 3798 369 3833 ex
388 3781 485 3832 duabus
502 3781 626 3832 brevibus
644 3786 753 3828 constat.

187 3867 329 3936 scriptum]
347 3867 496 3922 Weiehert.
518 3870 545 3918 in
567 3867 645 3917 Poet.
668 3867 715 3917 lat.
739 3865 800 3916 Rel.
824 3883 851 3934 p.
869 3866 931 3916 228.
955 3865 1082 3932 explicat:
1106 3865 1169 3916 Sar-

17 3959 20 3984 *
70 3966 172 4009 mentua
183 3953 264 4005 habet
279 3954 350 4006 alind
366 3957 500 4024 scriptum,
517 3975 542 4005 n.
559 3954 742 4022 quaestorium,
759 3973 788 4004 ac
804 3958 917 4022 populus
933 3955 1061 4024 voluerat,
1077 3961 1106 4004 ut
1123 3953 1169 4020 qui

70 4045 164 4097 mallet
187 4059 243 4092 esse
267 4059 327 4091 eum
347 4048 507 4112 στιγματίαν
529 4051 636 4109 propter
658 4043 752 4108 sugam·
777 4069 813 4080 -
835 4042 983 4093 Sarmentus
1005 4039 1088 4092 scriba
1114 4047 1169 4088 erat

17 4137 18 4162 a
71 4130 242 4202 quaestorius.
277 4129 377 4182 Zellius
394 4132 432 4198 (in
448 4131 666 4182 Ferienschrilten
689 4130 774 4180 T.11.
793 4147 819 4195 p.
839 4130 905 4198 165.)
931 4129 1109 4193 „Sarmentus‚
1125 4124 1169 4198 in-¹

71 4220 143 4288 quit,
163 4236 217 4270 war
243 4218 302 4268 eine
320 4217 447 4268 bekannte
470 4218 564 4284 lustige
583 4217 684 4269 Person
707 4216 827 4268 zur·Zeit
850 4217 896 4268 des
912 4215 1018 4266 Kaisers
1035 4210 1167 4276 Augustus
1205 4237 1207 4239 ·
1253 4264 1255 4269 ,

70 4305 125 4357 und
140 4304 191 4372 bey
209 4305 308 4356 diesem
324 4305 406 4356 selbst
422 4305 459 4356 als
474 4303 673 4371 Lustigmaeher
689 4307 743 4358 und
754 4304 948 4358 Possenreisser
961 4299 1033 4357 wohl
1048 4299 1166 4368 gelitten.
