3000 4820
664 191 749 320 109⁶

272 435 431 524 Quodque
450 431 664 500 foraminibus
684 431 764 496 tibia
783 429 876 494 mille
896 444 996 513 sonat,

234 541 392 628 Quodque
412 540 500 606 leves
520 539 651 620 calami,
672 538 757 625 quod
777 535 885 601 suavis
907 548 1008 602 cantat
1029 536 1143 618 addon,

274 645 371 730 Quod
392 645 484 731 lyra,
507 643 600 730 quod
614 643 772 733 citharae,
791 641 876 728 quod
898 641 1112 708 moribundus
1133 645 1217 728 olor.

230 753 355 818 Illectos
375 762 483 816 nautas
506 749 593 814 dulci
612 747 835 813 modulamine
854 747 945 812 vocis
1142 740 1146 748 “

146 871 189 933 10
275 855 465 941 Mergebant
486 854 600 920 avidae
620 853 766 920 fluctibus
789 851 901 916 Ioniis.

232 960 393 1046 Sanguine
414 957 569 1046 Sisyphio
594 972 777 1044 generatus,
806 957 896 1023 venit
916 957 1031 1024 Ulixes

274 1067 317 1130 Et
337 1077 417 1130 tutos
440 1064 532 1132 solita
553 1065 707 1153 praestitit
727 1077 793 1130 aue
812 1087 897 1135 suos.

228 1169 338 1236 Illevit
359 1191 430 1234 cers
450 1171 614 1236 sociorum
635 1171 766 1236 callidus
788 1193 878 1234 aures

272 1273 381 1360 Atque
401 1297 470 1340 sues
492 1275 609 1341 vinclis
631 1275 774 1366 praebuit
795 1276 864 1364 ipse
882 1297 1010 1348 manus.

146 1393 189 1457 15
231 1383 264 1447 T
265 1378 412 1448 ransiluit
430 1383 577 1470 scopulos
599 1394 629 1447 et
649 1380 810 1470 inhospita
830 1381 925 1448 litore
946 1383 1069 1448 classis:

271 1487 349 1551 Illae
369 1486 554 1575 praecipites
578 1486 736 1552 desiluere
756 1483 851 1551 freto.

231 1591 286 1658 Sic
305 1589 437 1656 blandas
458 1614 554 1658 voces
576 1590 783 1678 nocituraque
804 1593 948 1658 carmina
969 1590 1065 1658 vicit:

272 1695 326 1761 Sic
343 1697 477 1778 ,tandem
497 1696 595 1764 exitio
618 1706 765 1762 monstra
785 1717 901 1760 canora
922 1695 1020 1761 dedit.

522 1948 614 2040 Rufi
640 1949 737 2016 Festi
759 1949 886 2018 Avieni
932 1993 941 2004 ι
1008 2023 1010 2034 Ι

566 2057 600 2108 ad
618 2057 694 2108 deam
710 2057 840 2109 Nortiam.

232 2157 359 2239 Festus,
380 2155 513 2221 Musoni
534 2155 660 2220 suboles
682 2157 852 2244 prolesque
871 2154 1006 2241 Avieni,

231 2265 329 2330 Unde
346 2261 392 2327 tui
412 2261 520 2325 latices
541 2271 722 2344 traxerunt,
744 2243 872 2344 Caesia,
894 2285 1026 2344 nomen,

231 2368 364 2450 Nortia,
387 2379 417 2430 te
438 2388 592 2450 veneror,
616 2367 684 2432 lare
705 2378 805 2432 cretus
828 2367 1038 2450 Volsiniensi,

232 2475 376 2540 Romam
396 2473 559 2557 habitans,
579 2473 710 2560 gemino
731 2474 932 2562 proconsulis
954 2485 1059 2539 suctus
1082 2474 1218 2556 honore,

232 2580 389 2646 Carmina
407 2581 507 2644 multa
531 2604 655 2664 serens,
677 2580 779 2646 vitam
799 2579 925 2663 insons,
946 2579 1068 2668 integer
1089 2605 1217 2663 aevom,

232 2685 390 2770 Coniugio
409 2686 507 2749 laetus
529 2684 692 2768 Placidae,
711 2709 910 2774 numeroque
931 2686 1089 2774 frequenti

230 2791 394 2856 Natorum
415 2790 576 2872 exultans3
599 2790 700 2856 vivax
722 2803 751 2856 et
767 2792 895 2880 spiritus
917 2792 1000 2857 ollis.

234 2898 347 3002 Cetpra
369 2895 545 2983 composita
565 2892 706 2961 latorum
726 2899 796 2985 lege
817 2897 994 2963 trahentur.
1037 2978 1039 2988 4

657 3045 678 3111 2
731 3084 739 3102 .

213 3159 334 3250 Rufus
355 3159 481 3226 Festus
502 3157 658 3226 Avienus
681 3043 731 3224 379
753 3156 788 3222 0.
817 3158 988 3226 Flaviano
1008 3158 1199 3247 Myrmecio

396 3269 404 3279 '
517 3287 577 3331 suo
602 3263 750 3330 sulutem
775 3261 824 3332 V.
846 3264 882 3331 C.
1187 3278 1192 3293 “
1276 3290 1283 3325 s

214 3386 288 3472 Qua
310 3383 400 3449 venit
421 3381 581 3448 Ausonias
604 3375 730 3446 Austro'
747 3382 826 3448 duce
847 3381 972 3459 Poenus
993 3379 1033 3446 ad
1055 3375 1138 3466 oras,

216 3491 251 3556 Si
272 3492 339 3556 iam
360 3488 442 3554 forte
461 3501 531 3553 tuus
553 3487 682 3574 Libyca
702 3501 769 3554 rate
790 3489 880 3554 misit
899 3489 1017 3574 agellus

214 3595 335 3661 Punica
356 3595 441 3659 mala
463 3593 538 3676 tibi,
559 3594 778 3681 Tyrrhenum
798 3607 888 3661 vecta
908 3618 967 3682 per
990 3615 1117 3680 aequor,

218 3701 344 3786 Quaeso
366 3698 484 3790 aliquid
505 3699 622 3766 nostris
643 3703 813 3787 gustatibus
834 3701 911 3768 inde
931 3702 1065 3766 relaxes.
1125 3717 1131 3727 “

110 3851 115 3856 -
151 3819 174 3884 5
216 3808 269 3872 Sic
290 3817 344 3870 tua
365 3816 474 3870 cuncta
495 3807 570 3872 ratis
590 3807 693 3894 plenis
715 3823 797 3874 secet
818 3806 1067 3894 aequoravelis,

217 3909 386 4002 Spumanti
408 3910 486 3976 dum
507 3913 603 4000 longa
625 3913 722 3980 trahit
740 3915 874 4000 vestigia
891 3915 990 3996 sulco,

215 4019 453 4102 Romuleaeque
473 4018 572 4084 Phari
584 4018 698 4086 fauces
719 4022 827 4087 illaesa
847 4020 1021 4106 relinquatr

218 4125 265 4190 Sit
284 4125 359 4189 licet
379 4123 435 4187 illa
455 4125 549 4207 ratis,
571 4149 666 4212 quam
688 4128 812 4192 miserit
832 4127 894 4192 altu
915 4125 1100 4208 Corinthos,

215 4238 376 4306 Adriacos
397 4245 543 4318 surgente
563 4245 640 4298 noto
662 4255 724 4318 qua
743 4232 899 4321 prospicit
918 4246 1028 4315 aestus,

158 4351 199 4417 10
221 4345 372 4432 Quamve
391 4340 455 4408 suis
476 4338 593 4432 opibus
612 4339 782 4408 stimularit
799 4338 935 4407 Hiberia
956 4339 1058 4422 dives,
