3000 4820
211 445 301 511 Hinc
319 446 497 534 spumantis
519 446 588 538 apri
609 448 711 515 iaculo
731 464 806 540 post
824 464 910 541 targa
931 441 1051 525 retorto

251 553 407 619 Frontem
428 563 459 618 et
479 573 555 617 oum
575 553 713 640 geminis
740 556 873 624 naribus
895 585 952 628 ora
973 561 1060 640 feris,
1158 619 1163 627 .

212 655 302 723 Ante
322 657 422 722 ictum
445 657 547 723 subita
567 671 726 747 prostratu
745 673 794 727 est
815 665 918 734 bellua
934 682 1058 756 morte,

129 774 171 834 20
255 764 317 830 Cui
337 761 425 852 prius
447 762 593 849 extingui
614 787 711 851 quam
732 768 882 838 cecidisse
901 771 972 842 fult.

210 867 303 933 lussit
322 866 385 933 fata
405 891 536 951 manus,
567 867 630 933 telo
649 892 710 934 noo
730 873 866 941 vulnera
885 881 982 946 sensit

254 973 418 1038 Exerrans
443 973 552 1039 anima
580 973 646 1039 iam
667 989 821 1066 pereunte
841 995 947 1050 crnor'.

133 1252 184 1318 De
196 1249 317 1318 11νί11111
329 1249 496 1328 marinis,
523 1271 611 1338 quae
618 1262 696 1338 post
711 1253 865 1346 rolatum
881 1259 1020 1336 (1011111111
1031 1271 1237 1348 remeabant.

291 1365 385 1432 Felix
405 1365 540 1438 marinis
562 1366 705 1452 alitibus,
730 1368 911 1456 Fridamal,
962 1402 965 1408 ·

292 1470 388 1538 Felix
406 1470 552 1553 iuventa,
573 1471 763 1562 prosperior
783 1477 897 1562 genio,

295 1579 539 1666 Quem'sponte
560 1590 694 1664 poscunt
715 1601 888 1664 aequoreae
910 1588 1068 1676 volucres,
1124 1664 1127 1673 ,

294 1684 367 1749 Neo
386 1695 494 1768 stagna
514 1692 604 1766 grato
625 1679 743 1768 frigida
764 1685 898 1751 consilio
1003 1742 1004 1746 ,

268 1826 271 1832 ·
299 1786 404 1873 Pigris
424 1797 596 1873 strepentes
616 1787 791 1872 gurgitibus
812 1789 960 1864 retinent.
1037 1784 1039 1790 ’

296 1892 359 1955 Sed
378 1913 440 1977 quo
465 1901 593 1955 tuorum
613 1885 806 1984 temperiem
826 1893 1019 1969 1111111111

295 1997 495 2075 Monstrent,
514 1995 624 2058 volatu
642 2019 882 2084 praememorea
902 2002 1025 2074 famulo

295 2101 402 2189 Prope
422 2098 568 2163 relictam
598 2123 666 2167 non
686 2115 832 2192 repetunt
850 2111 997 2197 patriam.
1082 2185 1085 2190 ,

133 2379 177 2445 In
198 2375 362 2464 aurigam
374 2396 486 2440 renem
500 2375 646 2456 vietum,
667 2380 816 2470 arimino
836 2385 874 2452 in
890 2389 1022 2476 populo
1044 2393 1239 2466 iactantem

217 2493 268 2558 Te
289 2489 432 2578 quotiens
453 2489 576 2559 viuum
598 2493 717 2579 11111111,
737 2496 906 2586 Quirinos,
928 2506 1065 2594 resultat,
1115 2499 1118 2502 ¹

259 2596 409 2664 Crimine
429 2598 568 2666 victores
591 2599 710 2686 polluis
731 2600 762 2668 et
782 2607 928 2694 populos.

218 2707 314 2772 Tunc
333 2702 442 2768 visum
462 2701 604 2788 quereris
623 2705 713 2770 senio
731 2706 902 2794 languente
920 2717 1051 2803 perisse,

183 2796 185 2799 ”
261 2803 462 2892 Castigasque
481 2818 552 2874 tuae
571 2807 662 2874 tarda
686 2808 810 2897 flagella
832 2839 957 2887 manus.

133 2931 155 2992 5
219 2912 281 2978 Sed
304 2909 417 2997 quod
407 2931 444 2972 111
464 2909 603 2978 alterius
613 2914 760 3000 divulgas
783 2919 921 2988 erimina
941 2949 1073 3013 nomen,

261 3018 329 3083 Cur
349 3034 417 3077 non
435 3007 491 3078 illa
517 3016 620 3099 magis
641 3019 775 3083 eredis
764 3043 867 3087 rnesse
884 3025 966 3096 111111

219 3125 265 3192 Es
286 3117 409 3184 meritis
429 3118 538 3208 inpar,
568 3119 704 3202 virttue,
732 3130 830 3188 aetate
854 3129 983 3198 relictus
1004 3170 1046 3184 -

261 3227 351 3293 Haec
373 3245 446 3287 cum
467 3223 602 3290 habeant
623 3223 693 3310 alii,
720 3227 858 3296 erimina
879 3257 958 3303 vera
975 3251 1079 3328 putas.
1185 3253 1192 3288 r

220 3335 296 3400 Sola
317 3343 425 3396 tamen
445 3327 533 3397 falsis
552 3343 660 3418 surgat
677 3330 736 3398 tibi
757 3355 862 3422 poena
881 3339 1032 3428 loquelis,
1142 3408 1145 3418 ,

138 3453 187 3514 10¹
264 3439 312 3504 Ut
333 3435 435 3501 victus
454 3459 583 3528 semper
602 3436 652 3502 nil
679 3438 743 3524 11111
763 3439 893 3510 crimen
909 3469 991 3534 agas.

354 3712 397 3779 In
413 3715 615 3804 podagrum
636 3719 810 3787 venationi
828 3725 1027 3818 eludentem.

302 3826 412 3915 Apros
435 3841 464 3894 et
486 3853 612 3918 capreas
637 3831 787 3921 levesque
806 3861 919 3905 cervos

301 3933 459 3999 Incurvus
479 3935 598 4050 rapidis
624 3937 711 4024 equis
724 3931 855 4028 fatigat,

288 4039 448 4104 'Tantum
467 4063 526 4105 nec
539 4041 686 4128 sequitur
707 4045 850 4134 capitque
869 4049 1053 4168 quldquam.

302 4143 412 4210 Esse
401 4157 486 4210 anter
505 4145 636 4210 iuvenes
659 4151 760 4257 eupit,
791 4155 901 4246 vocari
966 4171 978 4238 j
1019 4167 1031 4178 “’

306 4235 452 4335 Beudos,
477 4251 565 4316 dum
580 4249 699 4318 misero
721 4269 827 4342 gemat
848 4237 970 4343 dolore,
1009 4329 1024 4342 ,,
1109 4325 1112 4332 .

304 4355 350 4418 Ε1
370 4356 418 4422 nil
441 4360 631 4447 praevaleat.
678 4358 784 4446 Quid
788 4380 864 4452 ergo
871 4345 1012 4522 gestit}
1028 4452 1045 4488 ὑ
1096 4326 1127 4382 ’1
