<?xml version="1.0" encoding="UTF-8"?>
<!DOCTYPE html PUBLIC "-//W3C//DTD XHTML 1.0 Transitional//EN"
    "http://www.w3.org/TR/xhtml1/DTD/xhtml1-transitional.dtd">
<html xmlns="http://www.w3.org/1999/xhtml" xml:lang="en" lang="en">
 <head>
  <title>
</title>
<meta http-equiv="Content-Type" content="text/html;charset=utf-8" />
  <meta name='ocr-system' content='tesseract 3.04.00' />
  <meta name='ocr-capabilities' content='ocr_page ocr_carea ocr_par ocr_line ocrx_word'/>
</head>
<body>
  <div class='ocr_page' id='page_1' title='image "./anthologiaveter00burmgoog_0424.png"; bbox 0 0 2944 4836; ppageno 0'>
   <div class='ocr_carea' id='block_1_1' title="bbox 644 255 693 329">
    <p class='ocr_par' dir='ltr' id='par_1_1' title="bbox 644 255 693 329">
     <span class='ocr_line' id='line_1_1' title="bbox 644 255 693 329; baseline -0.02 0"><span class='ocrx_word' id='word_1_1' title='bbox 644 255 693 329; x_wconf 86' lang='grc'><strong>83</strong></span> 
     </span>
    </p>
   </div>
   <div class='ocr_carea' id='block_1_2' title="bbox 108 443 1228 1053">
    <p class='ocr_par' dir='ltr' id='par_1_2' title="bbox 108 443 1228 1053">
     <span class='ocr_line' id='line_1_2' title="bbox 183 443 1226 521; baseline -0.002 -18"><span class='ocrx_word' id='word_1_2' title='bbox 183 469 210 521; x_wconf 87' lang='grc'><strong>7.</strong></span> <span class='ocrx_word' id='word_1_3' title='bbox 223 447 397 521; x_wconf 83' lang='lat' dir='ltr'><strong>praescripto</strong></span> <span class='ocrx_word' id='word_1_4' title='bbox 415 445 535 514; x_wconf 80' lang='lat' dir='ltr'><strong>tulisset]</strong></span> <span class='ocrx_word' id='word_1_5' title='bbox 557 444 577 499; x_wconf 91' lang='lat' dir='ltr'><strong>i.</strong></span> <span class='ocrx_word' id='word_1_6' title='bbox 597 463 623 499; x_wconf 91' lang='lat' dir='ltr'><strong>e.</strong></span> <span class='ocrx_word' id='word_1_7' title='bbox 646 443 701 512; x_wconf 84' lang='lat' dir='ltr'><strong>legi</strong></span> <span class='ocrx_word' id='word_1_8' title='bbox 725 461 815 497; x_wconf 87' lang='lat' dir='ltr'><strong>omues</strong></span> <span class='ocrx_word' id='word_1_9' title='bbox 832 443 918 498; x_wconf 87' lang='lat' dir='ltr'><strong>h&#39;bros</strong></span> <span class='ocrx_word' id='word_1_10' title='bbox 934 444 1071 514; x_wconf 84' lang='lat' dir='ltr'><strong>Euclidis,</strong></span> <span class='ocrx_word' id='word_1_11' title='bbox 1087 447 1116 502; x_wconf 90' lang='lat' dir='ltr'><strong>in</strong></span> <span class='ocrx_word' id='word_1_12' title='bbox 1132 449 1226 519; x_wconf 87' lang='lat' dir='ltr'><strong>quibus</strong></span> 
     </span>
     <span class='ocr_line' id='line_1_3' title="bbox 116 531 1225 611; baseline -0.004 -19"><span class='ocrx_word' id='word_1_13' title='bbox 116 549 254 611; x_wconf 88' lang='lat' dir='ltr'><strong>praecepta</strong></span> <span class='ocrx_word' id='word_1_14' title='bbox 271 535 434 591; x_wconf 85' lang='lat' dir='ltr'><strong>arithmetica</strong></span> <span class='ocrx_word' id='word_1_15' title='bbox 451 535 572 588; x_wconf 79' lang='lat' dir='ltr'><strong>dederat.</strong></span> <span class='ocrx_word' id='word_1_16' title='bbox 605 535 786 604; x_wconf 83' lang='lat' dir='ltr'><strong>Praescripro</strong></span> <span class='ocrx_word' id='word_1_17' title='bbox 795 531 875 604; x_wconf 79' lang='lat' dir='ltr'><strong>ferre</strong></span> <span class='ocrx_word' id='word_1_18' title='bbox 898 534 993 586; x_wconf 86' lang='lat' dir='ltr'><strong>dicitur</strong></span> <span class='ocrx_word' id='word_1_19' title='bbox 1009 544 1039 586; x_wconf 89' lang='lat' dir='ltr'><strong>ut</strong></span> <span class='ocrx_word' id='word_1_20' title='bbox 1058 535 1130 608; x_wconf 81' lang='lat' dir='ltr'><strong>leges</strong></span> <span class='ocrx_word' id='word_1_21' title='bbox 1137 535 1225 609; x_wconf 85' lang='lat' dir='ltr'><strong>serre.</strong></span> 
     </span>
     <span class='ocr_line' id='line_1_4' title="bbox 184 622 1226 700; baseline -0.001 -19"><span class='ocrx_word' id='word_1_22' title='bbox 184 647 210 700; x_wconf 99' lang='grc'><strong>9.</strong></span> <span class='ocrx_word' id='word_1_23' title='bbox 222 639 306 700; x_wconf 86' lang='lat' dir='ltr'><strong>poter</strong></span> <span class='ocrx_word' id='word_1_24' title='bbox 321 627 387 695; x_wconf 76' lang='lat' dir='ltr'><strong>ipse,</strong></span> <span class='ocrx_word' id='word_1_25' title='bbox 400 623 548 695; x_wconf 84' lang='lat' dir='ltr'><strong>patronus]</strong></span> <span class='ocrx_word' id='word_1_26' title='bbox 565 623 586 676; x_wconf 88' lang='lat' dir='ltr'><strong>i.</strong></span> <span class='ocrx_word' id='word_1_27' title='bbox 605 641 630 676; x_wconf 86' lang='lat' dir='ltr'><strong>c.</strong></span> <span class='ocrx_word' id='word_1_28' title='bbox 645 631 783 691; x_wconf 83' lang='lat' dir='ltr'><strong>patronus,</strong></span> <span class='ocrx_word' id='word_1_29' title='bbox 805 623 849 692; x_wconf 85' lang='lat' dir='ltr'><strong>qui</strong></span> <span class='ocrx_word' id='word_1_30' title='bbox 867 622 950 692; x_wconf 84' lang='lat' dir='ltr'><strong>patris</strong></span> <span class='ocrx_word' id='word_1_31' title='bbox 966 622 1049 676; x_wconf 88' lang='lat' dir='ltr'><strong>instar</strong></span> <span class='ocrx_word' id='word_1_32' title='bbox 1070 624 1136 676; x_wconf 88' lang='lat' dir='ltr'><strong>mihi</strong></span> <span class='ocrx_word' id='word_1_33' title='bbox 1161 633 1226 680; x_wconf 86' lang='lat' dir='ltr'><strong>erat.</strong></span> 
     </span>
     <span class='ocr_line' id='line_1_5' title="bbox 116 713 602 788; baseline -0.006 -20"><span class='ocrx_word' id='word_1_34' title='bbox 116 726 247 788; x_wconf 85' lang='lat' dir='ltr'><strong>-poter</strong></span> <span class='ocrx_word' id='word_1_35' title='bbox 264 725 347 786; x_wconf 83' lang='lat' dir='ltr'><strong>utque</strong></span> <span class='ocrx_word' id='word_1_36' title='bbox 359 724 496 785; x_wconf 83' lang='lat' dir='ltr'><strong>patronus</strong></span> <span class='ocrx_word' id='word_1_37' title='bbox 512 713 602 782; x_wconf 79' lang='lat' dir='ltr'><strong>vulgo.</strong></span> 
     </span>
     <span class='ocr_line' id='line_1_6' title="bbox 229 799 819 872; baseline -0.003 -16"><span class='ocrx_word' id='word_1_38' title='bbox 229 801 360 870; x_wconf 82' lang='lat' dir='ltr'><strong>Hilarus]</strong></span> <span class='ocrx_word' id='word_1_39' title='bbox 378 804 482 855; x_wconf 87' lang='lat' dir='ltr'><strong>Olirer.</strong></span> <span class='ocrx_word' id='word_1_40' title='bbox 501 802 579 855; x_wconf 88' lang='lat' dir='ltr'><strong>Grut.</strong></span> <span class='ocrx_word' id='word_1_41' title='bbox 596 803 712 872; x_wconf 82' lang='lat' dir='ltr'><strong>Hyorus</strong></span> <span class='ocrx_word' id='word_1_42' title='bbox 727 799 819 867; x_wconf 81' lang='lat' dir='ltr'><strong>vulgo.</strong></span> 
     </span>
     <span class='ocr_line' id='line_1_7' title="bbox 184 884 1228 961; baseline -0.004 -18"><span class='ocrx_word' id='word_1_43' title='bbox 184 907 226 945; x_wconf 88' lang='grc'><strong>11.</strong></span> <span class='ocrx_word' id='word_1_44' title='bbox 247 890 372 961; x_wconf 80' lang='lat' dir='ltr'><strong>infernas</strong></span> <span class='ocrx_word' id='word_1_45' title='bbox 389 887 475 956; x_wconf 83' lang='lat' dir='ltr'><strong>seder]</strong></span> <span class='ocrx_word' id='word_1_46' title='bbox 493 886 608 958; x_wconf 77' lang='lat' dir='ltr'><strong>intellig.</strong></span> <span class='ocrx_word' id='word_1_47' title='bbox 627 906 661 944; x_wconf 83' lang='lat' dir='ltr'><strong>ex·</strong></span> <span class='ocrx_word' id='word_1_48' title='bbox 677 888 801 960; x_wconf 79' lang='lat' dir='ltr'>sequenti</span> <span class='ocrx_word' id='word_1_49' title='bbox 819 887 866 940; x_wconf 81' lang='lat' dir='ltr'><strong>od.</strong></span> <span class='ocrx_word' id='word_1_50' title='bbox 891 913 927 928; x_wconf 89' lang='lat'>-</span> <span class='ocrx_word' id='word_1_51' title='bbox 948 903 1020 940; x_wconf 83' lang='lat' dir='ltr'><strong>nunc</strong></span> <span class='ocrx_word' id='word_1_52' title='bbox 1041 902 1106 940; x_wconf 74' lang='lat' dir='ltr'><strong>vero</strong></span> <span class='ocrx_word' id='word_1_53' title='bbox 1127 884 1167 939; x_wconf 86' lang='lat' dir='ltr'><strong>ad</strong></span> <span class='ocrx_word' id='word_1_54' title='bbox 1183 886 1228 939; x_wconf 86' lang='lat' dir='ltr'><strong>irr-</strong></span> 
     </span>
     <span class='ocr_line' id='line_1_8' title="bbox 108 977 552 1053; baseline -0.016 -17"><span class='ocrx_word' id='word_1_55' title='bbox 108 978 210 1053; x_wconf 82' lang='lat' dir='ltr'><strong>fernos</strong></span> <span class='ocrx_word' id='word_1_56' title='bbox 226 981 302 1032; x_wconf 84' lang='lat' dir='ltr'><strong>sedes</strong></span> <span class='ocrx_word' id='word_1_57' title='bbox 318 977 400 1042; x_wconf 86' lang='lat' dir='ltr'><strong>vulgo</strong></span> <span class='ocrx_word' id='word_1_58' title='bbox 419 985 552 1045; x_wconf 84' lang='lat' dir='ltr'><strong>corrupte.</strong></span> 
     </span>
    </p>
   </div>
   <div class='ocr_carea' id='block_1_3' title="bbox 186 1061 1128 1138">
    <p class='ocr_par' dir='ltr' id='par_1_3' title="bbox 186 1061 1128 1138">
     <span class='ocr_line' id='line_1_9' title="bbox 186 1061 1128 1138; baseline -0.005 -17"><span class='ocrx_word' id='word_1_59' title='bbox 186 1083 228 1123; x_wconf 87' lang='grc'><strong>11.</strong></span> <span class='ocrx_word' id='word_1_60' title='bbox 239 1064 389 1138; x_wconf 79' lang='lat' dir='ltr'><strong>persidere]</strong></span> <span class='ocrx_word' id='word_1_61' title='bbox 406 1063 514 1121; x_wconf 83' lang='lat' dir='ltr'><strong>Wakei.</strong></span> <span class='ocrx_word' id='word_1_62' title='bbox 533 1066 568 1120; x_wconf 82' lang='lat' dir='ltr'><strong>td</strong></span> <span class='ocrx_word' id='word_1_63' title='bbox 583 1065 692 1122; x_wconf 86' lang='lat' dir='ltr'><strong>Lucret.</strong></span> <span class='ocrx_word' id='word_1_64' title='bbox 705 1065 755 1124; x_wconf 82' lang='lat' dir='ltr'><strong>VI·</strong></span> <span class='ocrx_word' id='word_1_65' title='bbox 777 1066 853 1122; x_wconf 84' lang='grc'><strong>1114.</strong></span> <span class='ocrx_word' id='word_1_66' title='bbox 866 1062 1021 1137; x_wconf 77' lang='lat' dir='ltr'><strong>persidem</strong></span> <span class='ocrx_word' id='word_1_67' title='bbox 1036 1061 1128 1132; x_wconf 78' lang='lat' dir='ltr'><strong>vulgo.</strong></span> 
     </span>
    </p>
   </div>
   <div class='ocr_carea' id='block_1_4' title="bbox 632 1235 716 1315">
    <p class='ocr_par' dir='ltr' id='par_1_4' title="bbox 632 1235 716 1315">
     <span class='ocr_line' id='line_1_10' title="bbox 632 1235 716 1315; baseline -0.095 -9"><span class='ocrx_word' id='word_1_68' title='bbox 632 1235 716 1315; x_wconf 88' lang='lat'><strong>190.</strong></span> 
     </span>
    </p>
   </div>
   <div class='ocr_carea' id='block_1_5' title="bbox 116 1345 1263 3882">
    <p class='ocr_par' dir='ltr' id='par_1_5' title="bbox 116 1345 1233 1844">
     <span class='ocr_line' id='line_1_11' title="bbox 184 1345 1232 1421; baseline -0.005 -17"><span class='ocrx_word' id='word_1_69' title='bbox 184 1349 266 1407; x_wconf 77' lang='lat' dir='ltr'><strong>Autlr.</strong></span> <span class='ocrx_word' id='word_1_70' title='bbox 283 1349 332 1403; x_wconf 87' lang='lat' dir='ltr'><strong>VI.</strong></span> <span class='ocrx_word' id='word_1_71' title='bbox 349 1349 392 1421; x_wconf 90' lang='grc'><strong>94.</strong></span> <span class='ocrx_word' id='word_1_72' title='bbox 411 1350 503 1404; x_wconf 87' lang='lat' dir='ltr'><strong>Turno</strong></span> <span class='ocrx_word' id='word_1_73' title='bbox 520 1352 616 1420; x_wconf 85' lang='lat' dir='ltr'><strong>poetae</strong></span> <span class='ocrx_word' id='word_1_74' title='bbox 632 1353 750 1421; x_wconf 82' lang='lat' dir='ltr'><strong>satyrico</strong></span> <span class='ocrx_word' id='word_1_75' title='bbox 773 1350 906 1406; x_wconf 86' lang='lat' dir='ltr'><strong>vindicare</strong></span> <span class='ocrx_word' id='word_1_76' title='bbox 928 1348 1018 1402; x_wconf 87' lang='lat' dir='ltr'><strong>studet</strong></span> <span class='ocrx_word' id='word_1_77' title='bbox 1034 1345 1232 1404; x_wconf 82' lang='lat' dir='ltr'><strong>Wemsdorfius</strong></span> 
     </span>
     <span class='ocr_line' id='line_1_12' title="bbox 116 1435 1230 1510; baseline -0.005 -18"><span class='ocrx_word' id='word_1_78' title='bbox 116 1436 146 1492; x_wconf 87' lang='lat' dir='ltr'><strong>in</strong></span> <span class='ocrx_word' id='word_1_79' title='bbox 161 1437 194 1490; x_wconf 85' lang='lat' dir='ltr'><strong>P.</strong></span> <span class='ocrx_word' id='word_1_80' title='bbox 212 1436 245 1488; x_wconf 84' lang='lat' dir='ltr'><strong>L.</strong></span> <span class='ocrx_word' id='word_1_81' title='bbox 262 1435 328 1490; x_wconf 81' lang='lat' dir='ltr'><strong>Min.</strong></span> <span class='ocrx_word' id='word_1_82' title='bbox 355 1437 390 1490; x_wconf 87' lang='grc' dir='ltr'><strong>Τ.</strong></span> <span class='ocrx_word' id='word_1_83' title='bbox 407 1437 443 1491; x_wconf 90' lang='lat'><strong>11.</strong></span> <span class='ocrx_word' id='word_1_84' title='bbox 467 1458 495 1510; x_wconf 94' lang='lat' dir='ltr'><strong>p.</strong></span> <span class='ocrx_word' id='word_1_85' title='bbox 514 1440 558 1508; x_wconf 90' lang='grc'><strong>49.</strong></span> <span class='ocrx_word' id='word_1_86' title='bbox 581 1437 627 1491; x_wconf 87' lang='lat' dir='ltr'><strong>ubi</strong></span> <span class='ocrx_word' id='word_1_87' title='bbox 645 1440 698 1491; x_wconf 90' lang='lat' dir='ltr'><strong>hoc</strong></span> <span class='ocrx_word' id='word_1_88' title='bbox 721 1440 807 1508; x_wconf 91' lang='lat' dir='ltr'><strong>ipsum</strong></span> <span class='ocrx_word' id='word_1_89' title='bbox 831 1441 1003 1506; x_wconf 80' lang='lat' dir='ltr'><strong>fragmentum</strong></span> <span class='ocrx_word' id='word_1_90' title='bbox 1025 1436 1156 1495; x_wconf 81' lang='lat' dir='ltr'><strong>recensuit</strong></span> <span class='ocrx_word' id='word_1_91' title='bbox 1172 1451 1230 1504; x_wconf 88' lang='lat' dir='ltr'><strong>pag.</strong></span> 
     </span>
     <span class='ocr_line' id='line_1_13' title="bbox 118 1523 1233 1594; baseline -0.004 -16"><span class='ocrx_word' id='word_1_92' title='bbox 118 1528 178 1580; x_wconf 83' lang='grc'><strong>150.</strong></span> <span class='ocrx_word' id='word_1_93' title='bbox 215 1525 291 1578; x_wconf 81' lang='lat' dir='ltr'><strong>eonf.</strong></span> <span class='ocrx_word' id='word_1_94' title='bbox 307 1527 339 1578; x_wconf 90' lang='lat' dir='ltr'><strong>F.</strong></span> <span class='ocrx_word' id='word_1_95' title='bbox 355 1524 390 1579; x_wconf 82' lang='grc' dir='ltr'><strong>Α.</strong></span> <span class='ocrx_word' id='word_1_96' title='bbox 410 1526 494 1581; x_wconf 79' lang='lat' dir='ltr'><strong>Wolf.</strong></span> <span class='ocrx_word' id='word_1_97' title='bbox 515 1527 622 1581; x_wconf 87' lang='lat' dir='ltr'><strong>Vorles.</strong></span> <span class='ocrx_word' id='word_1_98' title='bbox 639 1529 707 1578; x_wconf 88' lang='lat' dir='ltr'><strong>iiber</strong></span> <span class='ocrx_word' id='word_1_99' title='bbox 729 1526 808 1580; x_wconf 77' lang='lat' dir='ltr'><strong>Rom.</strong></span> <span class='ocrx_word' id='word_1_100' title='bbox 832 1523 900 1576; x_wconf 88' lang='lat' dir='ltr'><strong>Litt.</strong></span> <span class='ocrx_word' id='word_1_101' title='bbox 924 1542 952 1594; x_wconf 92' lang='lat' dir='ltr'><strong>p.</strong></span> <span class='ocrx_word' id='word_1_102' title='bbox 977 1525 1039 1576; x_wconf 78' lang='grc'><strong>151.</strong></span> <span class='ocrx_word' id='word_1_103' title='bbox 1067 1533 1095 1574; x_wconf 89' lang='lat' dir='ltr'><strong>et</strong></span> <span class='ocrx_word' id='word_1_104' title='bbox 1118 1523 1233 1591; x_wconf 79' lang='lat' dir='ltr'><strong>Rupert.</strong></span> 
     </span>
     <span class='ocr_line' id='line_1_14' title="bbox 116 1609 1232 1685; baseline -0.007 -17"><span class='ocrx_word' id='word_1_105' title='bbox 116 1615 145 1668; x_wconf 86' lang='lat' dir='ltr'><strong>in</strong></span> <span class='ocrx_word' id='word_1_106' title='bbox 160 1614 273 1666; x_wconf 81' lang='lat' dir='ltr'><strong>Praefat.</strong></span> <span class='ocrx_word' id='word_1_107' title='bbox 289 1613 323 1666; x_wconf 92' lang='lat' dir='ltr'><strong>ad</strong></span> <span class='ocrx_word' id='word_1_108' title='bbox 343 1615 496 1668; x_wconf 83' lang='lat' dir='ltr'><strong>Iuvenalem</strong></span> <span class='ocrx_word' id='word_1_109' title='bbox 519 1617 553 1668; x_wconf 89' lang='grc' dir='ltr'><strong>Τ.</strong></span> <span class='ocrx_word' id='word_1_110' title='bbox 572 1616 596 1667; x_wconf 92' lang='grc' dir='ltr'><strong>Ῑ.</strong></span> <span class='ocrx_word' id='word_1_111' title='bbox 614 1633 642 1685; x_wconf 90' lang='lat' dir='ltr'><strong>p.</strong></span> <span class='ocrx_word' id='word_1_112' title='bbox 663 1613 774 1668; x_wconf 85' lang='lat' dir='ltr'><strong>CXVII.</strong></span> <span class='ocrx_word' id='word_1_113' title='bbox 798 1611 955 1682; x_wconf 72' lang='lat' dir='ltr'>Bernhardy</span> <span class='ocrx_word' id='word_1_114' title='bbox 978 1609 1014 1660; x_wconf 87' lang='lat' dir='ltr'><strong>R.</strong></span> <span class='ocrx_word' id='word_1_115' title='bbox 1032 1609 1100 1662; x_wconf 85' lang='lat' dir='ltr'><strong>Litt.</strong></span> <span class='ocrx_word' id='word_1_116' title='bbox 1124 1629 1152 1678; x_wconf 89' lang='lat' dir='ltr'><strong>p.</strong></span> <span class='ocrx_word' id='word_1_117' title='bbox 1171 1611 1232 1678; x_wconf 86' lang='grc'><strong>147.</strong></span> 
     </span>
     <span class='ocr_line' id='line_1_15' title="bbox 116 1697 1233 1772; baseline -0.004 -18"><span class='ocrx_word' id='word_1_118' title='bbox 116 1701 200 1755; x_wconf 85' lang='lat' dir='ltr'><strong>Poeta</strong></span> <span class='ocrx_word' id='word_1_119' title='bbox 225 1703 253 1758; x_wconf 87' lang='lat' dir='ltr'><strong>in</strong></span> <span class='ocrx_word' id='word_1_120' title='bbox 274 1701 325 1755; x_wconf 85' lang='lat' dir='ltr'><strong>bac</strong></span> <span class='ocrx_word' id='word_1_121' title='bbox 348 1705 426 1758; x_wconf 89' lang='lat' dir='ltr'><strong>satira</strong></span> <span class='ocrx_word' id='word_1_122' title='bbox 454 1703 591 1756; x_wconf 73' lang='lat' dir='ltr'><strong>inuehitur</strong></span> <span class='ocrx_word' id='word_1_123' title='bbox 615 1703 644 1755; x_wconf 88' lang='lat' dir='ltr'><strong>iu</strong></span> <span class='ocrx_word' id='word_1_124' title='bbox 666 1712 761 1772; x_wconf 83' lang='lat' dir='ltr'><strong>poetas</strong></span> <span class='ocrx_word' id='word_1_125' title='bbox 785 1702 921 1756; x_wconf 76' lang='lat' dir='ltr'><strong>adulantes</strong></span> <span class='ocrx_word' id='word_1_126' title='bbox 944 1697 1046 1752; x_wconf 85' lang='lat' dir='ltr'>Neroni</span> <span class='ocrx_word' id='word_1_127' title='bbox 1067 1697 1176 1768; x_wconf 83' lang='lat' dir='ltr'><strong>eiusque</strong></span> <span class='ocrx_word' id='word_1_128' title='bbox 1197 1697 1233 1749; x_wconf 93' lang='lat' dir='ltr'><strong>li-</strong></span> 
     </span>
     <span class='ocr_line' id='line_1_16' title="bbox 116 1789 208 1844; baseline 0.033 -3"><span class='ocrx_word' id='word_1_129' title='bbox 116 1789 208 1844; x_wconf 86' lang='lat' dir='ltr'><strong>bertis.</strong></span> 
     </span>
    </p>

    <p class='ocr_par' dir='ltr' id='par_1_6' title="bbox 186 1876 902 1951">
     <span class='ocr_line' id='line_1_17' title="bbox 186 1876 902 1951; baseline -0.003 -21"><span class='ocrx_word' id='word_1_130' title='bbox 186 1894 211 1930; x_wconf 91' lang='grc'><strong>1.</strong></span> <span class='ocrx_word' id='word_1_131' title='bbox 228 1877 303 1948; x_wconf 84' lang='lat' dir='ltr'><strong>ergo]</strong></span> <span class='ocrx_word' id='word_1_132' title='bbox 319 1876 411 1928; x_wconf 87' lang='lat' dir='ltr'><strong>ultima</strong></span> <span class='ocrx_word' id='word_1_133' title='bbox 428 1877 515 1929; x_wconf 88' lang='lat' dir='ltr'><strong>breri.</strong></span> <span class='ocrx_word' id='word_1_134' title='bbox 532 1896 560 1930; x_wconf 84' lang='lat' dir='ltr'><strong>r.</strong></span> <span class='ocrx_word' id='word_1_135' title='bbox 579 1895 604 1948; x_wconf 87' lang='lat'><strong>7.</strong></span> <span class='ocrx_word' id='word_1_136' title='bbox 624 1897 688 1951; x_wconf 82' lang='lat' dir='ltr'><strong>ergo</strong></span> <span class='ocrx_word' id='word_1_137' title='bbox 705 1877 796 1930; x_wconf 88' lang='lat' dir='ltr'><strong>ultima</strong></span> <span class='ocrx_word' id='word_1_138' title='bbox 812 1877 902 1943; x_wconf 86' lang='lat' dir='ltr'><strong>longa.</strong></span> 
     </span>
    </p>

    <p class='ocr_par' dir='ltr' id='par_1_7' title="bbox 185 1963 516 2031">
     <span class='ocr_line' id='line_1_18' title="bbox 185 1963 516 2031; baseline 0.003 -15"><span class='ocrx_word' id='word_1_139' title='bbox 185 1964 212 2016; x_wconf 88' lang='grc'><strong>4.</strong></span> <span class='ocrx_word' id='word_1_140' title='bbox 232 1963 308 2031; x_wconf 84' lang='lat' dir='ltr'><strong>illis]</strong></span> <span class='ocrx_word' id='word_1_141' title='bbox 327 1963 516 2018; x_wconf 78' lang='lat' dir='ltr'><strong>adulatoribus.</strong></span> 
     </span>
    </p>

    <p class='ocr_par' dir='ltr' id='par_1_8' title="bbox 119 2049 1233 2283">
     <span class='ocr_line' id='line_1_19' title="bbox 187 2049 1233 2126; baseline 0 -24"><span class='ocrx_word' id='word_1_142' title='bbox 187 2066 229 2106; x_wconf 89' lang='grc'><strong>11.</strong></span> <span class='ocrx_word' id='word_1_143' title='bbox 246 2052 340 2104; x_wconf 80' lang='lat' dir='ltr'><strong>uxoris</strong></span> <span class='ocrx_word' id='word_1_144' title='bbox 354 2051 511 2121; x_wconf 86' lang='lat' dir='ltr'><strong>pueri]B.</strong></span> <span class='ocrx_word' id='word_1_145' title='bbox 535 2053 621 2106; x_wconf 77' lang='lat' dir='ltr'><strong>intell</strong></span> <span class='ocrx_word' id='word_1_146' title='bbox 614 2055 663 2121; x_wconf 78' lang='lat' dir='ltr'><strong>gut</strong></span> <span class='ocrx_word' id='word_1_147' title='bbox 685 2055 875 2126; x_wconf 78' lang='lat' dir='ltr'><strong>Pythagoram,</strong></span> <span class='ocrx_word' id='word_1_148' title='bbox 898 2050 1013 2106; x_wconf 86' lang='lat' dir='ltr'><strong>Neronis</strong></span> <span class='ocrx_word' id='word_1_149' title='bbox 1034 2051 1174 2116; x_wconf 83' lang='lat' dir='ltr'><strong>libertum,</strong></span> <span class='ocrx_word' id='word_1_150' title='bbox 1199 2049 1233 2102; x_wconf 79' lang='lat' dir='ltr'><strong>ds</strong></span> 
     </span>
     <span class='ocr_line' id='line_1_20' title="bbox 119 2137 1233 2211; baseline -0.002 -19"><span class='ocrx_word' id='word_1_151' title='bbox 119 2157 173 2210; x_wconf 90' lang='lat' dir='ltr'><strong>quo</strong></span> <span class='ocrx_word' id='word_1_152' title='bbox 190 2139 299 2192; x_wconf 76' lang='lat' dir='ltr'><strong>Tacitus</strong></span> <span class='ocrx_word' id='word_1_153' title='bbox 314 2137 383 2193; x_wconf 84' lang='lat' dir='ltr'><strong>Anu.</strong></span> <span class='ocrx_word' id='word_1_154' title='bbox 401 2139 465 2194; x_wconf 90' lang='lat' dir='ltr'><strong>XV.</strong></span> <span class='ocrx_word' id='word_1_155' title='bbox 483 2142 538 2210; x_wconf 71' lang='lat'><strong>57.⁸</strong></span> <span class='ocrx_word' id='word_1_156' title='bbox 554 2141 751 2196; x_wconf 85' lang='lat' dir='ltr'><strong>Wernsdorfius</strong></span> <span class='ocrx_word' id='word_1_157' title='bbox 768 2143 880 2211; x_wconf 88' lang='lat' dir='ltr'><strong>Sporum</strong></span> <span class='ocrx_word' id='word_1_158' title='bbox 898 2158 1019 2209; x_wconf 86' lang='lat' dir='ltr'><strong>puerum,</strong></span> <span class='ocrx_word' id='word_1_159' title='bbox 1035 2157 1114 2209; x_wconf 88' lang='lat' dir='ltr'><strong>quem</strong></span> <span class='ocrx_word' id='word_1_160' title='bbox 1132 2139 1233 2190; x_wconf 88' lang='lat' dir='ltr'><strong>Sueto-</strong></span> 
     </span>
     <span class='ocr_line' id='line_1_21' title="bbox 120 2227 560 2283; baseline 0 -1"><span class='ocrx_word' id='word_1_161' title='bbox 120 2228 179 2282; x_wconf 89' lang='lat' dir='ltr'><strong>nius</strong></span> <span class='ocrx_word' id='word_1_162' title='bbox 197 2227 324 2279; x_wconf 82' lang='lat' dir='ltr'><strong>describit</strong></span> <span class='ocrx_word' id='word_1_163' title='bbox 341 2245 368 2280; x_wconf 82' lang='lat' dir='ltr'><strong>r.</strong></span> <span class='ocrx_word' id='word_1_164' title='bbox 386 2229 453 2282; x_wconf 89' lang='lat' dir='ltr'><strong>Ner.</strong></span> <span class='ocrx_word' id='word_1_165' title='bbox 474 2250 498 2283; x_wconf 87' lang='lat' dir='ltr'><strong>c.</strong></span> <span class='ocrx_word' id='word_1_166' title='bbox 516 2231 560 2282; x_wconf 80' lang='lat'><strong>28.</strong></span> 
     </span>
    </p>

    <p class='ocr_par' dir='ltr' id='par_1_9' title="bbox 190 2314 1031 2386">
     <span class='ocr_line' id='line_1_22' title="bbox 190 2314 1031 2386; baseline -0.002 -18"><span class='ocrx_word' id='word_1_167' title='bbox 190 2314 231 2368; x_wconf 93' lang='grc'><strong>16.</strong></span> <span class='ocrx_word' id='word_1_168' title='bbox 249 2314 299 2367; x_wconf 86' lang='lat' dir='ltr'><strong>sub</strong></span> <span class='ocrx_word' id='word_1_169' title='bbox 317 2317 410 2385; x_wconf 84' lang='lat' dir='ltr'><strong>titulo]</strong></span> <span class='ocrx_word' id='word_1_170' title='bbox 428 2319 499 2386; x_wconf 85' lang='lat' dir='ltr'><strong>quasi</strong></span> <span class='ocrx_word' id='word_1_171' title='bbox 516 2317 670 2370; x_wconf 79' lang='lat' dir='ltr'><strong>meretrices</strong></span> <span class='ocrx_word' id='word_1_172' title='bbox 689 2327 716 2370; x_wconf 87' lang='lat' dir='ltr'><strong>et</strong></span> <span class='ocrx_word' id='word_1_173' title='bbox 732 2317 888 2386; x_wconf 87' lang='lat' dir='ltr'><strong>prostibula.</strong></span> <span class='ocrx_word' id='word_1_174' title='bbox 906 2315 1031 2370; x_wconf 83' lang='lat' dir='ltr'><strong>Wemsd.</strong></span> 
     </span>
    </p>

    <p class='ocr_par' dir='ltr' id='par_1_10' title="bbox 120 2404 1263 2912">
     <span class='ocr_line' id='line_1_23' title="bbox 189 2404 1234 2474; baseline 0.001 -19"><span class='ocrx_word' id='word_1_175' title='bbox 189 2419 232 2472; x_wconf 90' lang='grc'><strong>19.</strong></span> <span class='ocrx_word' id='word_1_176' title='bbox 252 2415 303 2456; x_wconf 86' lang='lat' dir='ltr'><strong>out</strong></span> <span class='ocrx_word' id='word_1_177' title='bbox 318 2404 428 2472; x_wconf 86' lang='lat' dir='ltr'><strong>Menoe]</strong></span> <span class='ocrx_word' id='word_1_178' title='bbox 446 2405 538 2458; x_wconf 86' lang='lat' dir='ltr'><strong>Musae</strong></span> <span class='ocrx_word' id='word_1_179' title='bbox 555 2406 601 2458; x_wconf 84' lang='lat' dir='ltr'><strong>rel</strong></span> <span class='ocrx_word' id='word_1_180' title='bbox 617 2415 715 2474; x_wconf 87' lang='lat' dir='ltr'><strong>poetae</strong></span> <span class='ocrx_word' id='word_1_181' title='bbox 731 2407 800 2458; x_wconf 84' lang='lat' dir='ltr'><strong>adeo</strong></span> <span class='ocrx_word' id='word_1_182' title='bbox 817 2415 878 2458; x_wconf 88' lang='lat' dir='ltr'><strong>sunt</strong></span> <span class='ocrx_word' id='word_1_183' title='bbox 900 2405 1008 2469; x_wconf 71' lang='lat' dir='ltr'><strong>iaciles,</strong></span> <span class='ocrx_word' id='word_1_184' title='bbox 1031 2409 1062 2456; x_wconf 89' lang='lat' dir='ltr'><strong>ut</strong></span> <span class='ocrx_word' id='word_1_185' title='bbox 1083 2404 1127 2456; x_wconf 85' lang='lat' dir='ltr'><strong>rel</strong></span> <span class='ocrx_word' id='word_1_186' title='bbox 1149 2404 1234 2473; x_wconf 84' lang='lat' dir='ltr'><strong>pessi-</strong></span> 
     </span>
     <span class='ocr_line' id='line_1_24' title="bbox 120 2491 1234 2561; baseline 0 -15"><span class='ocrx_word' id='word_1_187' title='bbox 120 2509 192 2546; x_wconf 86' lang='lat' dir='ltr'><strong>mum</strong></span> <span class='ocrx_word' id='word_1_188' title='bbox 214 2492 338 2544; x_wconf 88' lang='lat' dir='ltr'><strong>libertum</strong></span> <span class='ocrx_word' id='word_1_189' title='bbox 361 2502 391 2544; x_wconf 89' lang='lat' dir='ltr'><strong>ut</strong></span> <span class='ocrx_word' id='word_1_190' title='bbox 413 2493 531 2561; x_wconf 82' lang='lat' dir='ltr'><strong>Menam,</strong></span> <span class='ocrx_word' id='word_1_191' title='bbox 550 2493 676 2546; x_wconf 85' lang='lat' dir='ltr'><strong>libertum</strong></span> <span class='ocrx_word' id='word_1_192' title='bbox 701 2495 766 2546; x_wconf 87' lang='lat' dir='ltr'><strong>olim</strong></span> <span class='ocrx_word' id='word_1_193' title='bbox 788 2493 864 2546; x_wconf 80' lang='lat' dir='ltr'><strong>Sexti</strong></span> <span class='ocrx_word' id='word_1_194' title='bbox 886 2491 1024 2560; x_wconf 86' lang='lat' dir='ltr'><strong>Pompeii,</strong></span> <span class='ocrx_word' id='word_1_195' title='bbox 1055 2492 1099 2561; x_wconf 87' lang='lat' dir='ltr'><strong>qui</strong></span> <span class='ocrx_word' id='word_1_196' title='bbox 1126 2494 1234 2546; x_wconf 83' lang='lat' dir='ltr'><strong>classem</strong></span> 
     </span>
     <span class='ocr_line' id='line_1_25' title="bbox 124 2579 1263 2650; baseline -0.001 -17"><span class='ocrx_word' id='word_1_197' title='bbox 124 2581 181 2634; x_wconf 85' lang='lat' dir='ltr'><strong>eius</strong></span> <span class='ocrx_word' id='word_1_198' title='bbox 197 2579 317 2650; x_wconf 78' lang='lat' dir='ltr'><strong>Augusto</strong></span> <span class='ocrx_word' id='word_1_199' title='bbox 341 2581 462 2649; x_wconf 81' lang='lat' dir='ltr'><strong>prodidit</strong></span> <span class='ocrx_word' id='word_1_200' title='bbox 482 2581 566 2649; x_wconf 82' lang='lat' dir='ltr'><strong>(Suet.</strong></span> <span class='ocrx_word' id='word_1_201' title='bbox 584 2582 654 2648; x_wconf 82' lang='lat' dir='ltr'><strong>Aug.</strong></span> <span class='ocrx_word' id='word_1_202' title='bbox 671 2601 695 2634; x_wconf 92' lang='lat' dir='ltr'><strong>c.</strong></span> <span class='ocrx_word' id='word_1_203' title='bbox 713 2581 769 2650; x_wconf 89' lang='grc'><strong>74.)</strong></span> <span class='ocrx_word' id='word_1_204' title='bbox 793 2591 838 2632; x_wconf 85' lang='lat' dir='ltr'><strong>aut</strong></span> <span class='ocrx_word' id='word_1_205' title='bbox 853 2580 1036 2649; x_wconf 79' lang='lat' dir='ltr'><strong>Polycletum,</strong></span> <span class='ocrx_word' id='word_1_206' title='bbox 1063 2580 1179 2634; x_wconf 84' lang='lat' dir='ltr'><strong>Neronis</strong></span> <span class='ocrx_word' id='word_1_207' title='bbox 1196 2581 1234 2633; x_wconf 89' lang='lat' dir='ltr'><strong>li·</strong></span> <span class='ocrx_word' id='word_1_208' title='bbox 1260 2642 1263 2650; x_wconf 81' lang='lat'><strong>.</strong></span> 
     </span>
     <span class='ocr_line' id='line_1_26' title="bbox 122 2669 1234 2740; baseline 0.002 -19"><span class='ocrx_word' id='word_1_209' title='bbox 122 2669 241 2737; x_wconf 87' lang='lat' dir='ltr'><strong>bertum,</strong></span> <span class='ocrx_word' id='word_1_210' title='bbox 258 2669 417 2722; x_wconf 82' lang='lat' dir='ltr'><strong>carminibus·</strong></span> <span class='ocrx_word' id='word_1_211' title='bbox 429 2671 595 2723; x_wconf 85' lang='lat' dir='ltr'><strong>ndulnntibus</strong></span> <span class='ocrx_word' id='word_1_212' title='bbox 612 2679 717 2734; x_wconf 83' lang='lat' dir='ltr'><strong>ornent,</strong></span> <span class='ocrx_word' id='word_1_213' title='bbox 734 2680 763 2720; x_wconf 86' lang='lat' dir='ltr'><strong>et</strong></span> <span class='ocrx_word' id='word_1_214' title='bbox 779 2683 871 2721; x_wconf 77' lang='lat' dir='ltr'><strong>servos</strong></span> <span class='ocrx_word' id='word_1_215' title='bbox 887 2669 1064 2736; x_wconf 88' lang='lat' dir='ltr'><strong>stigmatosos,</strong></span> <span class='ocrx_word' id='word_1_216' title='bbox 1081 2671 1126 2740; x_wconf 86' lang='lat' dir='ltr'><strong>qui</strong></span> <span class='ocrx_word' id='word_1_217' title='bbox 1142 2688 1234 2726; x_wconf 82' lang='lat' dir='ltr'><strong>recens</strong></span> 
     </span>
     <span class='ocr_line' id='line_1_27' title="bbox 124 2755 1235 2825; baseline 0.003 -18"><span class='ocrx_word' id='word_1_218' title='bbox 124 2757 231 2808; x_wconf 88' lang='lat' dir='ltr'><strong>demum</strong></span> <span class='ocrx_word' id='word_1_219' title='bbox 247 2757 397 2807; x_wconf 83' lang='lat' dir='ltr'><strong>libertatem</strong></span> <span class='ocrx_word' id='word_1_220' title='bbox 414 2763 582 2825; x_wconf 86' lang='lat' dir='ltr'><strong>acceperuut,</strong></span> <span class='ocrx_word' id='word_1_221' title='bbox 597 2755 769 2808; x_wconf 79' lang='lat' dir='ltr'><strong>uehementer</strong></span> <span class='ocrx_word' id='word_1_222' title='bbox 785 2764 881 2808; x_wconf 81' lang='lat' dir='ltr'><strong>ament.</strong></span> <span class='ocrx_word' id='word_1_223' title='bbox 915 2755 982 2807; x_wconf 82' lang='lat' dir='ltr'><strong>Nam</strong></span> <span class='ocrx_word' id='word_1_224' title='bbox 998 2757 1122 2810; x_wconf 73' lang='lat' dir='ltr'><strong>moulon</strong></span> <span class='ocrx_word' id='word_1_225' title='bbox 1137 2760 1235 2810; x_wconf 79' lang='lat' dir='ltr'><strong>ardent</strong></span> 
     </span>
     <span class='ocr_line' id='line_1_28' title="bbox 123 2841 924 2912; baseline -0.002 -16"><span class='ocrx_word' id='word_1_226' title='bbox 123 2843 207 2896; x_wconf 76' lang='lat' dir='ltr'><strong>valet:</strong></span> <span class='ocrx_word' id='word_1_227' title='bbox 225 2851 308 2894; x_wconf 84' lang='lat' dir='ltr'><strong>amant</strong></span> <span class='ocrx_word' id='word_1_228' title='bbox 324 2841 552 2894; x_wconf 80' lang='lat' dir='ltr'><strong>vehementissime</strong></span> <span class='ocrx_word' id='word_1_229' title='bbox 567 2841 625 2910; x_wconf 84' lang='lat' dir='ltr'><strong>ipsa</strong></span> <span class='ocrx_word' id='word_1_230' title='bbox 641 2859 780 2896; x_wconf 85' lang='lat' dir='ltr'><strong>serrorum</strong></span> <span class='ocrx_word' id='word_1_231' title='bbox 795 2845 924 2912; x_wconf 78' lang='lat' dir='ltr'><strong>stigmata.</strong></span> 
     </span>
    </p>

    <p class='ocr_par' dir='ltr' id='par_1_11' title="bbox 191 2929 518 2996">
     <span class='ocr_line' id='line_1_29' title="bbox 191 2929 518 2996; baseline 0.003 -16"><span class='ocrx_word' id='word_1_232' title='bbox 191 2945 235 2982; x_wconf 84' lang='grc' dir='ltr'><strong>1ο.</strong></span> <span class='ocrx_word' id='word_1_233' title='bbox 252 2929 333 2996; x_wconf 86' lang='lat' dir='ltr'><strong>nutu]</strong></span> <span class='ocrx_word' id='word_1_234' title='bbox 351 2929 370 2980; x_wconf 88' lang='lat' dir='ltr'><strong>i.</strong></span> <span class='ocrx_word' id='word_1_235' title='bbox 389 2946 414 2980; x_wconf 85' lang='lat' dir='ltr'><strong>e·</strong></span> <span class='ocrx_word' id='word_1_236' title='bbox 431 2929 518 2981; x_wconf 81' lang='lat' dir='ltr'><strong>nutui.</strong></span> 
     </span>
    </p>

    <p class='ocr_par' dir='ltr' id='par_1_12' title="bbox 124 3016 1236 3177">
     <span class='ocr_line' id='line_1_30' title="bbox 128 3016 1236 3088; baseline 0.002 -20"><span class='ocrx_word' id='word_1_237' title='bbox 128 3031 130 3036; x_wconf 88' lang='lat'>·</span> <span class='ocrx_word' id='word_1_238' title='bbox 192 3034 237 3069; x_wconf 87' lang='grc'><strong>11.</strong></span> <span class='ocrx_word' id='word_1_239' title='bbox 255 3018 373 3070; x_wconf 77' lang='lat' dir='ltr'><strong>hesterni</strong></span> <span class='ocrx_word' id='word_1_240' title='bbox 390 3016 484 3083; x_wconf 78' lang='lat' dir='ltr'><strong>Getae]</strong></span> <span class='ocrx_word' id='word_1_241' title='bbox 508 3017 527 3068; x_wconf 92' lang='lat' dir='ltr'><strong>i.</strong></span> <span class='ocrx_word' id='word_1_242' title='bbox 549 3034 575 3069; x_wconf 86' lang='lat' dir='ltr'><strong>e·</strong></span> <span class='ocrx_word' id='word_1_243' title='bbox 593 3017 665 3085; x_wconf 86' lang='lat' dir='ltr'><strong>eius,</strong></span> <span class='ocrx_word' id='word_1_244' title='bbox 694 3016 740 3085; x_wconf 82' lang='lat' dir='ltr'><strong>qui</strong></span> <span class='ocrx_word' id='word_1_245' title='bbox 756 3016 815 3070; x_wconf 82' lang='lat' dir='ltr'><strong>beri</strong></span> <span class='ocrx_word' id='word_1_246' title='bbox 831 3017 916 3072; x_wconf 80' lang='lat' dir='ltr'><strong>adbuc</strong></span> <span class='ocrx_word' id='word_1_247' title='bbox 932 3019 1040 3088; x_wconf 78' lang='lat' dir='ltr'><strong>serviit,</strong></span> <span class='ocrx_word' id='word_1_248' title='bbox 1061 3019 1083 3072; x_wconf 90' lang='lat' dir='ltr'><strong>i.</strong></span> <span class='ocrx_word' id='word_1_249' title='bbox 1101 3033 1128 3072; x_wconf 86' lang='lat' dir='ltr'><strong>e.</strong></span> <span class='ocrx_word' id='word_1_250' title='bbox 1145 3017 1236 3072; x_wconf 87' lang='lat' dir='ltr'><strong>liberti</strong></span> 
     </span>
     <span class='ocr_line' id='line_1_31' title="bbox 124 3103 523 3177; baseline -0.013 -17"><span class='ocrx_word' id='word_1_251' title='bbox 124 3105 250 3160; x_wconf 78' lang='lat' dir='ltr'><strong>recentis.</strong></span> <span class='ocrx_word' id='word_1_252' title='bbox 267 3131 302 3144; x_wconf 89' lang='lat'>-</span> <span class='ocrx_word' id='word_1_253' title='bbox 319 3109 474 3177; x_wconf 78' lang='lat' dir='ltr'><strong>externique</strong></span> <span class='ocrx_word' id='word_1_254' title='bbox 490 3103 523 3156; x_wconf 93' lang='grc' dir='ltr'><strong>Β.</strong></span> 
     </span>
    </p>

    <p class='ocr_par' dir='ltr' id='par_1_13' title="bbox 126 3192 1236 3350">
     <span class='ocr_line' id='line_1_32' title="bbox 193 3192 1236 3266; baseline 0 -18"><span class='ocrx_word' id='word_1_255' title='bbox 193 3195 237 3248; x_wconf 80' lang='grc'><strong>15.</strong></span> <span class='ocrx_word' id='word_1_256' title='bbox 251 3205 362 3264; x_wconf 85' lang='lat' dir='ltr'><strong>patrem</strong></span> <span class='ocrx_word' id='word_1_257' title='bbox 379 3192 491 3260; x_wconf 82' lang='lat' dir='ltr'><strong>oblitae]</strong></span> <span class='ocrx_word' id='word_1_258' title='bbox 510 3195 616 3248; x_wconf 81' lang='lat' dir='ltr'><strong>Flavius</strong></span> <span class='ocrx_word' id='word_1_259' title='bbox 635 3196 721 3266; x_wconf 82' lang='lat' dir='ltr'><strong>Caper</strong></span> <span class='ocrx_word' id='word_1_260' title='bbox 737 3212 765 3264; x_wconf 93' lang='lat' dir='ltr'><strong>p.</strong></span> <span class='ocrx_word' id='word_1_261' title='bbox 782 3196 864 3266; x_wconf 79' lang='lat'><strong>2239:</strong></span> <span class='ocrx_word' id='word_1_262' title='bbox 882 3196 1024 3250; x_wconf 78' lang='lat' dir='ltr'><strong>Oblitus</strong></span> <span class='ocrx_word' id='word_1_263' title='bbox 1044 3213 1085 3250; x_wconf 83' lang='lat' dir='ltr'><strong>ne</strong></span> <span class='ocrx_word' id='word_1_264' title='bbox 1100 3197 1150 3250; x_wconf 84' lang='lat' dir='ltr'><strong>sis</strong></span> <span class='ocrx_word' id='word_1_265' title='bbox 1170 3211 1236 3248; x_wconf 84' lang='lat' dir='ltr'><strong>uo-</strong></span> 
     </span>
     <span class='ocr_line' id='line_1_33' title="bbox 126 3285 965 3350; baseline -0.002 -11"><span class='ocrx_word' id='word_1_266' title='bbox 126 3285 211 3350; x_wconf 83' lang='lat' dir='ltr'><strong>stri,</strong></span> <span class='ocrx_word' id='word_1_267' title='bbox 229 3301 284 3336; x_wconf 84' lang='lat' dir='ltr'><strong>non</strong></span> <span class='ocrx_word' id='word_1_268' title='bbox 300 3301 377 3344; x_wconf 79' lang='lat' dir='ltr'><strong>nosr</strong></span> <span class='ocrx_word' id='word_1_269' title='bbox 395 3293 499 3336; x_wconf 72' lang='lat' dir='ltr'><strong>veteres</strong></span> <span class='ocrx_word' id='word_1_270' title='bbox 516 3293 607 3336; x_wconf 84' lang='lat' dir='ltr'><strong>tomen</strong></span> <span class='ocrx_word' id='word_1_271' title='bbox 623 3296 651 3336; x_wconf 82' lang='lat' dir='ltr'><strong>et</strong></span> <span class='ocrx_word' id='word_1_272' title='bbox 667 3287 716 3338; x_wconf 80' lang='lat' dir='ltr'><strong>boc</strong></span> <span class='ocrx_word' id='word_1_273' title='bbox 733 3285 811 3335; x_wconf 85' lang='lat' dir='ltr'><strong>modo</strong></span> <span class='ocrx_word' id='word_1_274' title='bbox 830 3285 965 3338; x_wconf 78' lang='lat' dir='ltr'><strong>dixerunt.</strong></span> 
     </span>
    </p>

    <p class='ocr_par' dir='ltr' id='par_1_14' title="bbox 193 3369 857 3442">
     <span class='ocr_line' id='line_1_34' title="bbox 193 3369 857 3442; baseline 0 -16"><span class='ocrx_word' id='word_1_275' title='bbox 193 3371 238 3426; x_wconf 85' lang='grc'><strong>16.</strong></span> <span class='ocrx_word' id='word_1_276' title='bbox 258 3372 343 3440; x_wconf 81' lang='lat' dir='ltr'><strong>Titii]</strong></span> <span class='ocrx_word' id='word_1_277' title='bbox 361 3371 521 3440; x_wconf 85' lang='lat' dir='ltr'><strong>Tigellinum</strong></span> <span class='ocrx_word' id='word_1_278' title='bbox 538 3369 624 3426; x_wconf 87' lang='lat' dir='ltr'><strong>notari</strong></span> <span class='ocrx_word' id='word_1_279' title='bbox 641 3381 716 3442; x_wconf 85' lang='lat' dir='ltr'><strong>putat</strong></span> <span class='ocrx_word' id='word_1_280' title='bbox 732 3373 857 3428; x_wconf 84' lang='lat' dir='ltr'><strong>Wnrnsd.</strong></span> 
     </span>
    </p>

    <p class='ocr_par' dir='ltr' id='par_1_15' title="bbox 129 3444 1237 3704">
     <span class='ocr_line' id='line_1_35' title="bbox 195 3444 1237 3530; baseline 0.004 -18"><span class='ocrx_word' id='word_1_281' title='bbox 195 3478 238 3530; x_wconf 83' lang='lat'><strong>²7·</strong></span> <span class='ocrx_word' id='word_1_282' title='bbox 257 3462 463 3529; x_wconf 82' lang='lat' dir='ltr'><strong>transscripsere</strong></span> <span class='ocrx_word' id='word_1_283' title='bbox 474 3460 571 3528; x_wconf 81' lang='lat' dir='ltr'><strong>Erebo]</strong></span> <span class='ocrx_word' id='word_1_284' title='bbox 589 3462 718 3514; x_wconf 88' lang='lat' dir='ltr'><strong>honorem</strong></span> <span class='ocrx_word' id='word_1_285' title='bbox 735 3463 785 3514; x_wconf 90' lang='lat' dir='ltr'><strong>diis</strong></span> <span class='ocrx_word' id='word_1_286' title='bbox 802 3470 830 3512; x_wconf 91' lang='lat' dir='ltr'><strong>et</strong></span> <span class='ocrx_word' id='word_1_287' title='bbox 848 3461 941 3514; x_wconf 79' lang='lat' dir='ltr'><strong>divinis</strong></span> <span class='ocrx_word' id='word_1_288' title='bbox 958 3460 1039 3514; x_wconf 84' lang='lat' dir='ltr'><strong>robus</strong></span> <span class='ocrx_word' id='word_1_289' title='bbox 1056 3444 1203 3514; x_wconf 74' lang='lat' dir='ltr'><strong>debitum</strong></span> <span class='ocrx_word' id='word_1_290' title='bbox 1192 3481 1237 3516; x_wconf 87' lang='lat' dir='ltr'><strong>m·-</strong></span> 
     </span>
     <span class='ocr_line' id='line_1_36' title="bbox 129 3529 1237 3621; baseline 0.005 -23"><span class='ocrx_word' id='word_1_291' title='bbox 129 3548 246 3616; x_wconf 88' lang='lat' dir='ltr'><strong>pertiunt</strong></span> <span class='ocrx_word' id='word_1_292' title='bbox 261 3549 314 3600; x_wconf 86' lang='lat' dir='ltr'><strong>illis</strong></span> <span class='ocrx_word' id='word_1_293' title='bbox 331 3549 460 3614; x_wconf 81' lang='lat' dir='ltr'><strong>monstris,</strong></span> <span class='ocrx_word' id='word_1_294' title='bbox 478 3550 543 3601; x_wconf 88' lang='lat' dir='ltr'><strong>Orci</strong></span> <span class='ocrx_word' id='word_1_295' title='bbox 561 3529 729 3607; x_wconf 70' lang='lat' dir='ltr'><strong>noctitibus.</strong></span> <span class='ocrx_word' id='word_1_296' title='bbox 748 3549 872 3606; x_wconf 79' lang='lat' dir='ltr'><strong>Wemsd.</strong></span> <span class='ocrx_word' id='word_1_297' title='bbox 891 3551 945 3604; x_wconf 83' lang='lat' dir='ltr'><strong>und</strong></span> <span class='ocrx_word' id='word_1_298' title='bbox 960 3567 1014 3605; x_wconf 83' lang='lat' dir='ltr'><strong>was</strong></span> <span class='ocrx_word' id='word_1_299' title='bbox 1029 3549 1091 3604; x_wconf 81' lang='lat' dir='ltr'><strong>dom</strong></span> <span class='ocrx_word' id='word_1_300' title='bbox 1107 3539 1237 3621; x_wconf 80' lang='lat' dir='ltr'><strong>Olympus</strong></span> 
     </span>
     <span class='ocr_line' id='line_1_37' title="bbox 129 3635 732 3704; baseline 0.002 -16"><span class='ocrx_word' id='word_1_301' title='bbox 129 3635 253 3704; x_wconf 87' lang='lat' dir='ltr'><strong>gebiibrt,</strong></span> <span class='ocrx_word' id='word_1_302' title='bbox 269 3645 361 3704; x_wconf 80' lang='lat' dir='ltr'><strong>tragon</strong></span> <span class='ocrx_word' id='word_1_303' title='bbox 376 3636 415 3687; x_wconf 89' lang='lat' dir='ltr'><strong>sie</strong></span> <span class='ocrx_word' id='word_1_304' title='bbox 432 3638 479 3688; x_wconf 82' lang='lat' dir='ltr'><strong>auf</strong></span> <span class='ocrx_word' id='word_1_305' title='bbox 493 3638 537 3688; x_wconf 91' lang='lat' dir='ltr'><strong>die</strong></span> <span class='ocrx_word' id='word_1_306' title='bbox 554 3638 638 3692; x_wconf 84' lang='lat' dir='ltr'><strong>Hb‘lle</strong></span> <span class='ocrx_word' id='word_1_307' title='bbox 655 3637 732 3691; x_wconf 83' lang='lat' dir='ltr'><strong>iiber.</strong></span> 
     </span>
    </p>

    <p class='ocr_par' dir='ltr' id='par_1_16' title="bbox 197 3723 1236 3882">
     <span class='ocr_line' id='line_1_38' title="bbox 251 3723 1236 3795; baseline 0.006 -21"><span class='ocrx_word' id='word_1_308' title='bbox 251 3741 351 3793; x_wconf 84' lang='lat' dir='ltr'><strong>ponere</strong></span> <span class='ocrx_word' id='word_1_309' title='bbox 369 3723 480 3792; x_wconf 86' lang='lat' dir='ltr'><strong>templo]</strong></span> <span class='ocrx_word' id='word_1_310' title='bbox 497 3724 593 3776; x_wconf 89' lang='lat' dir='ltr'><strong>irridet</strong></span> <span class='ocrx_word' id='word_1_311' title='bbox 603 3735 702 3795; x_wconf 83' lang='lat' dir='ltr'><strong>poetas,</strong></span> <span class='ocrx_word' id='word_1_312' title='bbox 720 3744 765 3794; x_wconf 85' lang='lat' dir='ltr'><strong>qur</strong></span> <span class='ocrx_word' id='word_1_313' title='bbox 757 3725 914 3779; x_wconf 87' lang='lat' dir='ltr'><strong>&#39;Neronem</strong></span> <span class='ocrx_word' id='word_1_314' title='bbox 931 3727 1010 3780; x_wconf 87' lang='lat' dir='ltr'><strong>deum</strong></span> <span class='ocrx_word' id='word_1_315' title='bbox 1027 3745 1085 3781; x_wconf 85' lang='lat' dir='ltr'><strong>esse</strong></span> <span class='ocrx_word' id='word_1_316' title='bbox 1103 3729 1236 3783; x_wconf 88' lang='lat' dir='ltr'><strong>dicebant.</strong></span> 
     </span>
     <span class='ocr_line' id='line_1_39' title="bbox 197 3813 1046 3882; baseline 0.009 -20"><span class='ocrx_word' id='word_1_317' title='bbox 197 3829 242 3882; x_wconf 84' lang='lat'><strong>29.</strong></span> <span class='ocrx_word' id='word_1_318' title='bbox 263 3813 434 3882; x_wconf 84' lang='lat' dir='ltr'><strong>Terrigenas]</strong></span> <span class='ocrx_word' id='word_1_319' title='bbox 451 3813 588 3867; x_wconf 87' lang='lat' dir='ltr'><strong>Neronem</strong></span> <span class='ocrx_word' id='word_1_320' title='bbox 605 3814 750 3880; x_wconf 85' lang='lat' dir='ltr'><strong>Gigantum</strong></span> <span class='ocrx_word' id='word_1_321' title='bbox 767 3814 878 3868; x_wconf 89' lang='lat' dir='ltr'><strong>similem</strong></span> <span class='ocrx_word' id='word_1_322' title='bbox 895 3832 954 3869; x_wconf 88' lang='lat' dir='ltr'><strong>esse</strong></span> <span class='ocrx_word' id='word_1_323' title='bbox 971 3816 1046 3870; x_wconf 90' lang='lat' dir='ltr'><strong>dicit.</strong></span> 
     </span>
    </p>
   </div>
   <div class='ocr_carea' id='block_1_6' title="bbox 645 3981 729 4060">
    <p class='ocr_par' dir='ltr' id='par_1_17' title="bbox 645 3981 729 4060">
     <span class='ocr_line' id='line_1_40' title="bbox 645 3981 729 4060; baseline -0.095 -9"><span class='ocrx_word' id='word_1_324' title='bbox 645 3981 729 4060; x_wconf 87' lang='lat'><strong>191.</strong></span> 
     </span>
    </p>
   </div>
   <div class='ocr_carea' id='block_1_7' title="bbox 133 4113 1240 4456">
    <p class='ocr_par' dir='ltr' id='par_1_18' title="bbox 133 4113 1240 4456">
     <span class='ocr_line' id='line_1_41' title="bbox 197 4113 1239 4186; baseline 0 -20"><span class='ocrx_word' id='word_1_325' title='bbox 197 4113 279 4166; x_wconf 80' lang='lat' dir='ltr'><strong>Anth.</strong></span> <span class='ocrx_word' id='word_1_326' title='bbox 298 4115 321 4166; x_wconf 88' lang='lat'><strong>1.</strong></span> <span class='ocrx_word' id='word_1_327' title='bbox 340 4132 384 4186; x_wconf 88' lang='grc'><strong>17.</strong></span> <span class='ocrx_word' id='word_1_328' title='bbox 402 4115 446 4168; x_wconf 88' lang='lat' dir='ltr'><strong>De</strong></span> <span class='ocrx_word' id='word_1_329' title='bbox 463 4116 517 4169; x_wconf 84' lang='lat' dir='ltr'><strong>rita</strong></span> <span class='ocrx_word' id='word_1_330' title='bbox 535 4124 562 4166; x_wconf 88' lang='lat' dir='ltr'><strong>et</strong></span> <span class='ocrx_word' id='word_1_331' title='bbox 579 4123 664 4167; x_wconf 88' lang='lat' dir='ltr'><strong>aetate</strong></span> <span class='ocrx_word' id='word_1_332' title='bbox 681 4115 803 4184; x_wconf 89' lang='lat' dir='ltr'><strong>Septimii</strong></span> <span class='ocrx_word' id='word_1_333' title='bbox 825 4117 917 4172; x_wconf 84' lang='lat' dir='ltr'><strong>Sereni</strong></span> <span class='ocrx_word' id='word_1_334' title='bbox 934 4116 1127 4172; x_wconf 85' lang='lat' dir='ltr'><strong>Wernsdorfius</strong></span> <span class='ocrx_word' id='word_1_335' title='bbox 1148 4114 1239 4183; x_wconf 83' lang='lat' dir='ltr'><strong>loqui-</strong></span> 
     </span>
     <span class='ocr_line' id='line_1_42' title="bbox 133 4203 1240 4276; baseline -0.001 -22"><span class='ocrx_word' id='word_1_336' title='bbox 133 4214 175 4256; x_wconf 89' lang='lat' dir='ltr'><strong>tur</strong></span> <span class='ocrx_word' id='word_1_337' title='bbox 191 4204 219 4256; x_wconf 91' lang='lat' dir='ltr'><strong>in</strong></span> <span class='ocrx_word' id='word_1_338' title='bbox 236 4203 314 4257; x_wconf 85' lang='lat' dir='ltr'><strong>Poet.</strong></span> <span class='ocrx_word' id='word_1_339' title='bbox 333 4203 367 4257; x_wconf 89' lang='lat' dir='ltr'><strong>L.</strong></span> <span class='ocrx_word' id='word_1_340' title='bbox 386 4204 451 4258; x_wconf 81' lang='lat' dir='ltr'><strong>Min.</strong></span> <span class='ocrx_word' id='word_1_341' title='bbox 471 4203 506 4262; x_wconf 88' lang='lat' dir='ltr'><strong>T.</strong></span> <span class='ocrx_word' id='word_1_342' title='bbox 527 4204 549 4258; x_wconf 89' lang='lat'><strong>1.</strong></span> <span class='ocrx_word' id='word_1_343' title='bbox 573 4223 601 4275; x_wconf 89' lang='lat' dir='ltr'><strong>p.</strong></span> <span class='ocrx_word' id='word_1_344' title='bbox 625 4203 685 4260; x_wconf 82' lang='lat'><strong>605.</strong></span> <span class='ocrx_word' id='word_1_345' title='bbox 709 4223 820 4274; x_wconf 85' lang='lat' dir='ltr'><strong>eumque</strong></span> <span class='ocrx_word' id='word_1_346' title='bbox 845 4209 1006 4276; x_wconf 90' lang='lat' dir='ltr'><strong>temporibus</strong></span> <span class='ocrx_word' id='word_1_347' title='bbox 1022 4204 1240 4271; x_wconf 85' lang='lat' dir='ltr'><strong>Vespasianorunr</strong></span> 
     </span>
     <span class='ocr_line' id='line_1_43' title="bbox 133 4290 1239 4364; baseline 0.001 -23"><span class='ocrx_word' id='word_1_348' title='bbox 133 4291 249 4344; x_wconf 87' lang='lat' dir='ltr'><strong>floruisse</strong></span> <span class='ocrx_word' id='word_1_349' title='bbox 270 4303 359 4362; x_wconf 88' lang='lat' dir='ltr'><strong>putat,</strong></span> <span class='ocrx_word' id='word_1_350' title='bbox 385 4313 443 4347; x_wconf 89' lang='lat' dir='ltr'><strong>cum</strong></span> <span class='ocrx_word' id='word_1_351' title='bbox 466 4312 604 4364; x_wconf 88' lang='lat' dir='ltr'><strong>supparem</strong></span> <span class='ocrx_word' id='word_1_352' title='bbox 627 4311 655 4344; x_wconf 89' lang='lat' dir='ltr'><strong>se</strong></span> <span class='ocrx_word' id='word_1_353' title='bbox 672 4303 757 4348; x_wconf 86' lang='lat' dir='ltr'><strong>aetate</strong></span> <span class='ocrx_word' id='word_1_354' title='bbox 775 4295 952 4350; x_wconf 77' lang='lat' dir='ltr'><strong>Terentianus</strong></span> <span class='ocrx_word' id='word_1_355' title='bbox 967 4295 1073 4346; x_wconf 87' lang='lat' dir='ltr'><strong>Maurus</strong></span> <span class='ocrx_word' id='word_1_356' title='bbox 1097 4291 1133 4358; x_wconf 87' lang='lat' dir='ltr'><strong>(r.</strong></span> <span class='ocrx_word' id='word_1_357' title='bbox 1154 4290 1239 4360; x_wconf 84' lang='grc'><strong>1891.)</strong></span> 
     </span>
     <span class='ocr_line' id='line_1_44' title="bbox 133 4379 1240 4456; baseline -0.002 -26"><span class='ocrx_word' id='word_1_358' title='bbox 133 4379 289 4446; x_wconf 83' lang='lat' dir='ltr'><strong>profiteatur</strong></span> <span class='ocrx_word' id='word_1_359' title='bbox 310 4383 338 4436; x_wconf 89' lang='lat' dir='ltr'><strong>iu</strong></span> <span class='ocrx_word' id='word_1_360' title='bbox 354 4384 418 4439; x_wconf 87' lang='lat' dir='ltr'><strong>illo:</strong></span> <span class='ocrx_word' id='word_1_361' title='bbox 442 4383 544 4438; x_wconf 85' lang='lat' dir='ltr'><strong>Dulcia</strong></span> <span class='ocrx_word' id='word_1_362' title='bbox 560 4385 708 4454; x_wconf 84' lang='lat' dir='ltr'><strong>Septimius</strong></span> <span class='ocrx_word' id='word_1_363' title='bbox 737 4385 784 4456; x_wconf 82' lang='lat' dir='ltr'><strong>qui</strong></span> <span class='ocrx_word' id='word_1_364' title='bbox 806 4386 918 4456; x_wconf 84' lang='lat' dir='ltr'><strong>scripsit</strong></span> <span class='ocrx_word' id='word_1_365' title='bbox 939 4381 1070 4452; x_wconf 88' lang='lat' dir='ltr'><strong>opusculo</strong></span> <span class='ocrx_word' id='word_1_366' title='bbox 1090 4395 1189 4448; x_wconf 83' lang='lat' dir='ltr'><strong>nuper:</strong></span> <span class='ocrx_word' id='word_1_367' title='bbox 1217 4380 1240 4432; x_wconf 86' lang='lat' dir='ltr'><strong>is</strong></span> 
     </span>
    </p>
   </div>
   <div class='ocr_carea' id='block_1_8' title="bbox 990 4466 1036 4530">
    <p class='ocr_par' dir='ltr' id='par_1_19' title="bbox 990 4466 1036 4530">
     <span class='ocr_line' id='line_1_45' title="bbox 990 4466 1036 4530; baseline 0 -23"><span class='ocrx_word' id='word_1_368' title='bbox 990 4466 1036 4530; x_wconf 79' lang='grc'><strong>61</strong></span> 
     </span>
    </p>
   </div>
   <div class='ocr_carea' id='block_1_9' title="bbox 0 0 1499 4836">
    <p class='ocr_par' dir='ltr' id='par_1_20' title="bbox 0 0 1499 4836">
     <span class='ocr_line' id='line_1_46' title="bbox 0 0 1499 4836; baseline 0 0"><span class='ocrx_word' id='word_1_369' title='bbox 0 0 1499 4836; x_wconf 95' lang='lat' dir='ltr'><strong> </strong></span> 
     </span>
    </p>
   </div>
  </div>
 </body>
</html>
