2992 4826
713 271 917 388 „ge—

886 445 897 478 Ι

736 566 738 574 ¹
771 487 855 558 103·Ι

471 581 474 597 ³
529 672 531 677 ,
610 594 656 664 P.
678 591 830 690 Virgilii
851 593 1011 662 Maronia

629 707 631 712 ’
700 702 728 755 iu
753 699 921 756 Noctuinum.

419 789 519 856 So'oer
538 787 628 853 beate
647 809 708 854 neo
726 788 786 858 tibi
805 811 866 855 neo
886 787 985 872 alteri,

418 895 593 982 Generque
612 893 783 983 Noctuine,
804 893 951 983 putidum
973 907 1074 983 caput,

418 998 536 1087 Tuone
555 1023 641 1068 nunc
655 1000 766 1090 ''puella
784 999 854 1065 talis
874 999 929 1068 ah!
949 1009 1003 1066 tuo

419 1106 555 1196 Stupore
574 1129 683 1195 pressa
702 1129 755 1171 rus
783 1104 904 1172 abibit?
944 1104 1012 1171 Hei
1030 1104 1132 1170 mihi!

407 1212 471 1288 ,Ut
488 1211 544 1276 ille
563 1209 675 1276 versus
692 1231 914 1298 ‘usquequaque
934 1210 1086 1300 pertinet!
1140 1284 1145 1297 I

352 1385 362 1402 ὃ
419 1299 531 1384 Geuer
550 1317 717 1402 socerque,
736 1313 920 1404 perdidistis
942 1315 1062 1381 omnia.
1158 1337 1161 1344 ’
1216 1315 1219 1320 ’

762 1443 846 1515 104.

735 1549 896 1641 Virgilii
931 1613 933 1618 .

701 1655 732 1710 in
744 1657 913 1711 Noctuiuum.

417 1744 561 1834 Superbe
579 1743 756 1832 Noctuine,
780 1749 928 1838 putidum
947 1761 1051 1840 caput,

416 1850 522 1917 Datur
541 1847 600 1916 tibi
619 1852 743 1940 puelle!
771 1876 867 1940 quam
887 1853 984 1943 petis,
1004 1853 1107 1922 datur.
1134 1859 1138 1876 '

416 1955 541 2038 Danu,
560 1955 696 2043 superbe
716 1957 895 2044 Noctuine,
917 1983 1014 2048 quem
1033 1962 1127 2050 petis.

417 2057 498 2143 Sed,
524 2082 544 2125 o
565 2061 701 2148 superbe
720 2064 895 2146 Noctuine,
923 2089 993 2134 non
1013 2068 1117 2149 vides,

418 2165 507 2231 Duas
526 2163 646 2232 habere
666 2164 746 2230 filias
767 2162 918 2249 Atilium,

415 2268 505 2336 Duas
525 2281 556 2336 et
570 2269 654 2336 hanc
674 2279 704 2336 et
724 2271 857 2336 alteram
875 2271 935 2336 tibi
955 2273 1036 2340 dari.

416 2371 540 2441 Adeste
559 2397 662 2458 nunc,
682 2373 806 2443 adeste!
836 2375 938 2454 ducit,
962 2391 997 2444 ut
1014 2379 1116 2465 decet,

414 2514 460 2529 -
480 2477 640 2568 Superbus
661 2501 734 2546 ecoe
753 2480 929 2562 Noctuinus
950 2482 1115 2554 herneam.

415 2583 601 2653 Thalassio!
622 2583 805 2651 Thalassio!
827 2587 1015 2656 Thalassio!

335 3038 442 3105 Iacere
460 3061 532 3122 me,
553 3037 639 3126 quod
660 3038 721 3103 alta
741 3062 809 3104 nou
829 3063 977 3129 possum,
998 3055 1097 3129 putas,

295 3128 770 3228 'mmmm
984 3223 986 3233 Ι

336 3250 410 3316 Nec
427 3251 514 3319 ferre
536 3253 654 3317 durum
674 3249 775 3335 frigus
796 3263 847 3314 aut
867 3264 988 3318 aestum
1008 3257 1084 3341 pati,
1133 3257 1136 3265 ’

377 3355 491 3443 Neque
511 3379 602 3422 arma
626 3353 758 3422 victoris
778 3353 876 3443 sequi.

253 3473 275 3535 5
336 3459 473 3547 Valent,
494 3464 604 3530 valent
619 3460 704 3528 mihi
724 3460 773 3524 ira
794 3470 824 3524 et
845 3459 987 3545 antiquus
1011 3458 1104 3524 furor

380 3568 422 3632 Et
443 3568 565 3655 lingua,
586 3592 648 3656 qua
668 3563 790 3651 adsiem
812 3562 880 3644 tibi,

336 3673 380 3738 Et
398 3674 579 3761 prostitutae
598 3686 693 3762 turpe
713 3666 960 3735 contubernium

339 3809 344 3820 ·
378 3777 517 3843 Soruris.
561 3778 593 3844 0
614 3777 692 3866 quid
713 3799 768 3841 me
787 3776 923 3842 incitas?

337 3881 445 3968 Quid,
466 3881 616 3970 inpudice
636 3893 666 3948 et
685 3881 885 3973 inprobande
906 3881 1060 3948 Caesari?

255 4000 297 4062 10
379 3987 442 4052 sed
462 3984 546 4053 stura
566 3989 711 4055 dicantur
729 4002 792 4074 tua,

270 4093 277 4112 '
312 4087 315 4099 ’
336 4093 381 4161 Et
397 4093 538 4158 helluato
558 4118 629 4162 sera
647 4095 843 4186 patrimonio

379 4198 419 4264 In
439 4197 537 4290 fratre
557 4199 764 4288 parsimonia,

338 4305 404 4374 Vel
423 4319 489 4374 aeta
509 4327 610 4397 puero
635 4325 709 4370 oum
731 4309 812 4374 viris
833 4308 984 4376 convivia

378 4412 531 4504 Udaeque
550 4435 609 4504 per
628 4431 782 4478 somnum
803 4422 898 4494 natos,
