2992 4826
672 251 876 356 *qe*

611 557 769 626 Petronii
789 555 937 627 Arbitri.

306 663 392 753 Quid
412 659 532 729 factum
551 675 614 749 est,
636 665 721 752 quod
741 677 775 731 tu
792 663 958 753 proiectis,
979 663 1118 756 Iupiter,
1139 665 1237 730 amis
1264 675 1267 680 '

345 769 433 837 Inter
453 769 618 834 coelicolas
638 767 744 835 fabula
764 782 852 836 muta
871 774 978 840 taces?

304 872 401 939 Nunc
421 886 498 957 erat,
522 887 654 940 etorvs
673 873 858 941 submittere
878 897 997 941 cornua
1013 872 1134 961 fronte,

348 977 446 1043 Nunc
464 981 575 1069 pluma
594 1001 689 1046 cenos
710 979 911 1046 dissimulare
933 993 1015 1047 tuos.

150 1144 153 1150 .
221 1097 243 1160 5
305 1085 395 1151 Haec
414 1107 492 1150 vera
513 1097 559 1151 est
582 1085 711 1170 Danae!
739 1095 822 1150 tenta
841 1083 942 1150 modo
961 1097 1090 1174 tangere
1110 1107 1241 1175 corpus:

344 1190 416 1260 tam
435 1201 489 1255 tua
508 1186 705 1256 flammifero
726 1189 875 1255 membre
890 1190 1001 1288 ¹colore
1021 1189 1136 1256 fluent·

607 1443 769 1513 Petronii
788 1442 940 1513 Arbitri.

308 1548 405 1634 Quod
425 1549 532 1616 solum
551 1546 677 1615 formae
694 1548 786 1614 decus
808 1561 871 1633 est,
902 1545 1044 1620 cecidere
1064 1546 1181 1644 capilli,

349 1651 590 1741 Vernantesque
610 1676 716 1720 comas
736 1653 833 1720 tristis
855 1652 958 1741 abegit
976 1649 1092 1718 hiems.

309 1758 408 1825 Nunc
426 1758 543 1824 umbra
561 1759 677 1824 nudata
695 1783 751 1825 suu
769 1759 837 1826 iem
856 1773 1003 1846 tempore
1022 1768 1180 1838 moerent,

346 1861 496 1954 Areeque
517 1865 627 1931 attritis
647 1864 731 1932 ridet
750 1865 858 1934 adusta
875 1865 961 1954 pilis.

214 1970 246 2062 '⁴5
307 1971 339 2038 Ο
360 1968 459 2036 fallax
478 1982 589 2036 natura
607 1969 719 2038 deum!
754 1993 832 2060 quac
852 1971 960 2062 prima
981 1967 1094 2034 dedisti

352 2073 459 2142 Aetati
478 2084 604 2140 nostrae
624 2075 753 2158 gaudia,
778 2075 887 2164 prims
907 2074 1005 2166 rapis.

737 2197 821 2281 169.

609 2307 770 2374 Petronii
788 2304 938 2375 Arbitri.

448 2409 586 2496 Infelix,
605 2413 706 2478 modo
728 2413 867 2479 crinibus
887 2410 1020 2491 nitebas,

450 2517 581 2586 Phoebo
601 2519 767 2608 pulchrior
789 2530 819 2584 et
838 2541 951 2583 sorore
969 2515 1103 2599 Phoebi,

355 2618 358 2626 '
451 2622 499 2691 At
518 2646 604 2689 nunc
624 2623 729 2690 levior
749 2645 823 2689 aere
842 2623 897 2688 vel
914 2621 1054 2689 rotundo

450 2729 547 2796 Horti
568 2727 696 2812 tubere,
718 2729 803 2820 quod
825 2727 947 2794 creavit
967 2726 1060 2810 unde,

450 2834 601 2901 Ridentes
625 2831 707 2922 fugis
728 2846 759 2900 et
779 2833 871 2900 times
887 2834 1018 2924 puellas.

449 2939 498 3006 Ut
517 2951 658 3004 mortem
680 2933 770 3005 citius
791 2940 904 3016 venire
927 2937 1047 3023 credas,

376 3078 380 3089 ι
453 3043 558 3127 Scito,
578 3042 646 3108 iam
666 3042 774 3132 capitis
797 3042 915 3133 perisse
935 3055 1069 3134 partem.

737 3172 821 3246 170·

610 3278 772 3345 Petronii
795 3275 944 3346 Arbitri.

221 3443 222 3447 ,
291 3382 440 3482 Somniq,
470 3404 549 3470 quse
568 3395 692 3447 mentes
712 3379 826 3447 ludunt
844 3380 1047 3447 volitantibus
1069 3381 1203 3462 umbris,

289 3488 369 3554 Non
390 3486 523 3555 delubra
547 3489 644 3553 deum
664 3509 724 3554 nec
744 3485 782 3550 ab
804 3485 929 3550 aethere
944 3485 1077 3550 numina
1097 3486 1247 3566 mittunt„

291 3595 355 3661 Sed
375 3595 436 3661 sibi
457 3595 589 3684 quisque
609 3592 695 3660 facit.
735 3591 824 3656 Nam
845 3611 921 3655 cum
940 3602 1094 3681 prostrate
1113 3611 1229 3678 sopore

291 3699 395 3787 Urget
411 3700 560 3767 membra
583 3701 669 3790 quies
690 3710 720 3763 et
739 3720 832 3762 mens
856 3695 925 3762 sine
943 3697 1086 3785 pondere
1104 3694 1186 3762 ludit
1192 3719 1204 3778 3

229 3813 252 3879 5
293 3803 460 3892 Quidquid
480 3806 551 3872 luce
571 3805 646 3892 fuit,
666 3804 803 3872 tenebris
820 3801 892 3890 egit.
934 3800 1063 3890 Oppida
1081 3799 1167 3866 bello

295 3907 363 3997 Qui
383 3911 480 3998 quatit
498 3923 530 3978 et
548 3913 690 3980 flammis
710 3908 906 3999 miserandas
925 3907 1025 3973 saevit
1047 3907 1084 3974 in
1102 3907 1207 3992 urbes,

291 4017 374 4082 Tela
393 4015 484 4084 videt
502 4041 673 4108 versasque
695 4016 776 4082 acies
798 4027 829 4082 et
848 4012 960 4081 funere
980 4037 1095 4102 regum

292 4120 401 4211 Atque
420 4125 614 4192 exundantes
632 4121 765 4216 profuso
784 4120 934 4208 sauguine
955 4142 1100 4210 campos3
1217 4160 1221 4166 ·

294 4228 362 4317 Qui
382 4252 486 4298 causes
506 4253 602 4298 oraro
621 4232 738 4315 solent,
764 4231 909 4318 legesque
926 4225 1105 4312 forumque,

231 4347 274 4411 10
292 4335 336 4403 Et
355 4336 475 4428 pavido
496 4346 633 4406 cernunt
651 4334 810 4403 inclusum
831 4335 927 4402 corde
946 4331 1094 4400 tribunal.
