2994 4828
649 201 696 280 65

188 407 214 460 8.
233 404 366 474 captivos,
381 399 473 469 habes]
490 400 509 452 i.
529 416 553 452 e.
572 399 652 451 intua
663 406 792 466 potestate
810 398 838 452 hi
856 400 934 454 liberi
951 411 1018 466 sunt,
1035 403 1091 456 sive
1109 423 1155 458 eas
1167 415 1227 458 tuos

122 513 177 546 esse
193 493 313 562 hospites
328 490 384 542 sive
401 489 517 558 captivos
532 488 618 539 soles.
654 485 697 536 Sic
714 485 877 555 interpunxit
894 489 1019 542 schottus
1041 492 1073 541 ad
1091 495 1228 547 Aurelium

121 583 195 636 vict.
207 600 234 649 p.
249 581 305 632 128.
323 593 420 628 -seu
439 586 498 628 tute
514 576 602 628 naevis
623 572 736 638 obsides,
752 591 798 625 seu
817 586 876 628 tute
893 579 1019 648 captiuos
1035 579 1117 633 lsabes
1136 584 1226 652 vulgO.

120 667 190 722 habe
204 667 326 720 Valesius
342 674 370 718 et
385 665 507 720 Vossius.
525 679 590 716 aves
606 661 741 714 stewech.
761 671 788 713 et
805 662 838 714 Β.

139 742 142 747 ’
189 770 300 823 9-11.
326 774 359 809 ..ι
375 754 448 807 ιιι.
474 753 506 804 n.
530 751 566 804 T.
584 749 621 803 11.
639 766 667 818 p.
687 749 747 818 750.
777 750 855 804 con.
872 751 996 807 essin.
1021 753 1057 808 Τ.
1074 755 1097 808 ι.
1119 773 1148 828 p.
1168 761 1227 830 ²⁵9·

120 853 177 898 not.
193 844 228 896 ad
243 843 269 910 ᾗ.
286 860 331 914 aq.
351 844 417 896 edit.
436 841 534 894 Krehl.

186 949 212 1002 9.
231 932 319 999 Curis]
336 930 464 984 adiectis.
483 948 498 981 a
515 926 639 993 Curibus,
655 927 755 997 oppido
771 925 935 980 sabinomm.

188 1035 229 1071 10.
247 1021 342 1072 caedes
360 1015 466 1087 placet]
489 1017 564 1068 sedes
583 1015 679 1086 placet
694 1014 790 1068 Krehu
818 1017 913 1069 caedes
931 1014 1031 1088 placat
1047 1017 1176 1075 Bondsm.
1202 1023 1229 1076 in

119 1107 191 1162 Add.
209 1106 243 1160 B.
259 1107 281 1160 l.
299 1107 319 1158 l.
335 1114 419 1158 metro
436 1104 528 1158 inrito.

966 1201 980 1232 a

638 1229 720 1311 126.

183 1359 266 1422 nnn.
288 1364 340 1420 111.
367 1365 436 1423 150.
467 1364 510 1417 Ex
530 1359 611 1433 epist.
632 1361 751 1418 Senecae
773 1363 825 1420 24.
862 1362 975 1418 Merm'ni
998 1373 1024 1417 te
1048 1363 1124 1419 illum
1144 1361 1229 1420 lacum

48 1489 53 1499 .
119 1449 262 1523 aliquando
282 1461 417 1517 tractasse,
440 1469 491 1502 non
512 1458 614 1520 repente
632 1467 680 1502 nos
700 1450 728 1502 in
744 1459 850 1502 mortem
869 1449 989 1515 incidere,
1013 1451 1061 1503 sed
1080 1452 1228 1504 minutatim

114 1537 260 1607 procedere.
306 1537 423 1608 Quotidie
442 1537 571 1600 nectimur,
596 1535 711 1604 quotidie
730 1536 799 1586 enim
819 1532 930 1586 demitur
947 1534 1040 1604 aliqua
1058 1553 1123 1604 pars
1144 1538 1224 1601 vitae,

120 1631 146 1675 el
166 1632 228 1674 tunc
249 1639 364 1692 quoque,
394 1641 453 1673 cum
473 1620 625 1682 crescimus,
655 1618 711 1669 vita
732 1619 864 1670 decrescit.
908 1617 1058 1689 Infantiam
1079 1619 1225 1685 amisimus,

118 1709 210 1760 deinde
226 1707 382 1776 pueritiam,
413 1707 504 1757 deinde
530 1693 748 1762 canalescentiam
777 1721 859 1772 usque
879 1703 917 1752 ad
934 1704 1080 1754 lrestemum
1101 1704 1230 1775 quidquid

118 1792 223 1844 narniit
240 1793 368 1862 tempores,
389 1790 475 1859 periit.
519 1791 600 1839 Hunc
610 1787 706 1854 ipsum,
730 1805 807 1857 quem
826 1786 945 1857 agiam,
969 1787 1053 1853 diem,
1076 1806 1136 1839 cum
1150 1800 1229 1842 morte

119 1878 270 1929 dividimus.
315 1873 534 1946 Quemadmodum
561 1870 723 1940 clepsydram
748 1889 801 1922 non
827 1881 967 1922 extremum
993 1871 1154 1926 stillicidium
1179 1893 1228 1927 ex-

119 1961 222 2025 lsaun't,
252 1960 300 2010 sed
319 1958 447 2029 quidquid
465 1966 528 2008 ante
548 1955 673 2025 defluxit,
698 1955 741 2007 'sic
761 1956 855 2009 ultima
874 1957 954 2022 tora,
979 1975 1033 2028 qua
1053 1976 1110 2010 esse
1129 1960 1227 2011 desini-

120 2063 193 2109 mus,
222 2061 275 2094 non
300 2041 359 2092 sola
384 2051 488 2093 mortem
506 2040 595 2112 facit,
624 2042 672 2092 sed
695 2039 753 2092 sola
779 2051 951 2094 consummat.
997 2045 1071 2095 Tunc
1096 2045 1135 2096 ad
1153 2044 1228 2096 illam

117 2127 289 2200 pervenimus,
312 2127 360 2178 sed
379 2127 425 2178 diu
445 2126 571 2178 venimus.
615 2127 692 2178 Haec
711 2145 770 2180 cum
790 2126 977 2197 descripsisses,
1001 2146 1052 2198 quo
1072 2128 1150 2195 soles,
1173 2149 1225 2196 ore,

119 2232 219 2284 semper
237 2212 339 2284 quidem
359 2230 482 2283 magmas,
506 2229 649 2282 numquam
669 2221 757 2264 tamen
777 2212 869 2280 acrior,
893 2231 973 2283 quam
989 2212 1146 2266 uliveritati
1156 2233 1228 2266 com-

121 2311 216 2362 modas
232 2307 322 2372 verba,
339 2306 435 2358 dixisti
452 2316 504 2358 etc.
537 2307 580 2358 De
597 2306 705 2358 Lucilio
726 2307 833 2360 Iunicre
857 2307 926 2360 dixit
942 2307 1069 2361 Wernsd.
1088 2309 1119 2360 P.
1137 2308 1171 2361 L.
1189 2309 1228 2361 M.

118 2396 148 2448 in
163 2395 300 2465 prooemio
318 2394 353 2446 da
370 2404 475 2446 auctore
489 2394 591 2447 Aetnae
609 2394 643 2445 T.
660 2393 708 2446 111.
726 2411 755 2462 p.
776 2394 817 2447 18.

189 2501 214 2538 ι.
233 2501 303 2535 mars
319 2501 372 2534 non
388 2482 455 2551 una]
474 2502 615 2536 marsuan
631 2483 731 2534 ultima
747 2484 837 2536 venit:
855 2501 925 2552 quae
936 2487 1021 2554 rapit,
1037 2485 1138 2539 ultima
1156 2503 1228 2539 nsors
1247 2483 1249 2490 ’

111 2551 171 2625 ¹est.
198 2570 314 2640 Lipsius.
334 2569 459 2624 Wernsd.
478 2571 558 2624 Post.
583 2572 619 2623 T.
640 2569 687 2622 111.
709 2588 738 2639 p.
756 2589 816 2638 207·
847 2570 986 2638 vulgatam
1009 2573 1072 2626 lect.
1096 2577 1228 2644 praefero,

122 2676 181 2710 enm
201 2677 234 2712 ex
251 2659 363 2726 epistola
379 2659 497 2712 Senecae
514 2660 577 2711 satis
600 2657 715 2720 eluceat,
738 2657 808 2709 hunc
827 2676 884 2711 esse
901 2677 991 2712 sersus
1007 2679 1126 2716 sensnm:
1147 2664 1229 2717 mults

121 2746 213 2797 mortis
229 2762 324 2811 genere
339 2749 463 2814 patimur,
479 2757 620 2814 antequam
636 2751 721 2796 morte
737 2744 865 2812 rapimur.

624 2847 718 2967 '127-

190 3007 290 3076 Recepi
307 3024 340 3062 ex
355 3007 469 3063 Senecae
486 3009 563 3079 epist.
580 3009 607 3061 8.
642 3009 673 3060 In
689 3009 721 3061 Β.
741 3010 828 3061 deest.

634 3159 719 3232 128·

191 3275 272 3331 Anth.
289 3275 336 3330 ΠΙ.
357 3291 397 3330 ιι.
415 3273 539 3330 Wernsd.
557 3275 635 3328 Post.
654 3275 689 3328 T.
704 3274 753 3329 IV.
770 3293 798 3344 p.
816 3275 877 3330 543.
911 3273 1048 3344 Leguntnr
1064 3275 1128 3330 haec
1144 3275 1230 3330 Sens-

123 3382 168 3419 cae
186 3367 369 3434 epigrammatn
395 3364 550 3434 plerumque
568 3375 628 3418 ante
648 3365 861 3418 consolationem
876 3366 910 3417 ad
926 3372 1033 3417 matrem
1049 3365 1170 3418 Helviam
1187 3365 1230 3417 vel

123 3454 264 3522 tragoediis
280 3451 427 3522 praemissa,
444 3454 515 3506 utin
534 3455 599 3506 edit.
616 3454 756 3519 Scriverii,
779 3452 871 3505 veliis
889 3453 1043 3521 subiuncta,
1060 3454 1136 3506 utin
1154 3455 1229 3507 Gro-

123 3541 238 3606 noviann,
255 3552 334 3610 atque
351 3543 378 3594 in
395 3541 429 3595 T.
447 3541 494 3594 lV.
513 3543 579 3595 edit.
597 3543 734 3613 Ruhkopf.
758 3563 785 3612 p.
803 3543 863 3597 555.
898 3539 1022 3593 Attamen
1044 3557 1130 3610 nequo
1154 3542 1230 3611 inge-

14 3653 19 3656 ·
122 3629 195 3680 nium
212 3629 326 3683 Senecae
343 3647 431 3698 neque
448 3629 545 3682 lumina
567 3629 689 3683 dictionis
714 3633 851 3699 attingunt.
873 3657 909 3669 -
933 3633 976 3682 De
998 3645 1027 3681 se
1049 3631 1088 3682 ad
1106 3632 1231 3700 patriam

123 3717 240 3770 inscribit
257 3736 304 3798 ins.
322 3719 422 3794 Yossii.

192 3823 219 3857 2.
238 3804 418 3873 illacrimans]
437 3816 465 3858 et
479 3806 609 3859 lacrimas
624 3804 736 3859 Bardili.

192 3895 219 3947 5.
239 3905 355 3964 tempore
370 3914 425 3948 non
442 3892 508 3961 illa]
525 3894 598 3946 Pith.
631 3905 747 3966 tempore
763 3914 818 3949 non
839 3897 895 3950 alio
911 3895 992 3962 vulgo
1017 3909 1050 3947 ex
1072 3910 1133 3946 mss.
1150 3891 1229 3948 Voss.

126 3981 144 4035 S
183 3982 219 4033 i.
1191 3976 1193 3982 '

145 3981 181 4036 ω]
193 4001 221 4123 i.
239 4069 320 4140 belli]
343 4072 409 4126 belli
426 4069 620 4139 Hispaniensis,
644 4071 716 4141 quod
738 4081 826 4125 nnmat
841 4072 943 4127 Auctor
966 4070 1001 4124 sle
1019 4067 1092 4122 ballo
1108 4066 1185 4131 Hisp.
1204 4079 1228 4113 c.

128 4174 157 4213 ιι
177 4170 204 4212 et
222 4161 235 4181 ‘
257 4197 264 4213 .
704 4181 707 4188 ·

193 4163 357 4322 qlolempore
372 4268 427 4302 non
443 4247 502 4315 illo]
519 4246 592 4303 Pith.
610 4256 726 4318 tempore
742 4265 795 4302 non
812 4249 868 4303 alia
885 4247 975 4318 vulgo.

197 4353 238 4388 ιο.
256 4339 321 4406 nos]
337 4357 390 4394 eos
407 4356 455 4391 ms.
473 4335 552 4392 Voss.

158 4434 208 4499 An..
226 4437 261 4492 Τ.
279 4440 304 4496 ι.
956 4503 958 4508 ,
1006 4417 1027 4482 5
