3000 4820
696 240 902 342 Α
968 265 969 268 ,

763 443 849 525 191.

673 553 788 620 Flauii
806 552 934 622 Felicis

621 657 664 710 De
685 656 795 710 'thersitis
812 659 971 712 Alienorum.

332 755 397 821 Hic
416 754 471 821 ubi
492 755 671 845 conspicuis
690 755 816 824 radiant
835 775 922 824 nuno
942 758 1032 846 signa
1053 758 1206 842 metallis,

373 861 415 927 Et
434 861 576 927 nitidum
598 856 685 929 clar'o
706 861 873 929 marmore
895 857 996 954 firlget
1015 877 1113 953 opus,

334 963 438 1032 Arida
466 967 623 1057 pulvereo
644 971 818 1056 squallebat
838 972 953 1060 cespite
977 965 1070 1039 tellus

375 1073 562 1161 Litoreique
590 1075 652 1140 soli
673 1073 749 1142 vilis
778 1098 875 1143 arena
896 1073 966 1143 fuir.

249 1193 270 1254 5
335 1179 473 1245 Pulchra
494 1181 550 1243 sed
571 1181 720 1246 inmenso
741 1181 795 1269 qui
817 1181 909 1248 duxit
929 1163 1070 1247 culmina
1091 1180 1199 1264 coelo,

377 1284 557 1350 Ostendens
578 1285 690 1373 pronis
716 1303 844 1352 currere
865 1306 941 1352 saxa
962 1284 1062 1372 iugis,

334 1387 465 1454 Publica
487 1413 553 1456 vox
576 1388 702 1480 populis
725 1391 989 1457 Thrasamundus
1009 1389 1124 1475 gaudia
1143 1390 1252 1474 vovit,

375 1495 533 1582 Prospera
557 1496 743 1561 continuans
765 1495 876 1562 omnia
896 1498 978 1562 secla
998 1495 1075 1560 suis.

334 1599 443 1664 Paruit
465 1597 611 1692 imperiis
633 1615 758 1667 mutato
779 1599 918 1691 lympha
938 1611 1069 1690 sapore,

253 1719 295 1782 10
377 1708 420 1773 Et
438 1705 538 1774 dulcis
561 1707 663 1774 fontes
685 1707 805 1798 proluit
830 1707 916 1773 unda
935 1729 1051 1771 novos.

335 1813 479 1901 Expavit
499 1811 615 1878 subitas
638 1811 802 1878 Vulcanus
824 1827 954 1898 surgere
976 1811 1131 1898 thermas,

378 1920 421 1985 Et
442 1919 565 2007 trepida
584 1917 733 1984 flammas
757 1915 900 1982 subdidit
917 1916 986 2007 ipse
1007 1927 1115 1982 manu.

669 2173 790 2240 Flavii
818 2173 959 2242 Felicis.

329 2271 468 2348 ⁴Nobilis
489 2277 617 2344 insultat
636 2278 789 2344 Baiarum
812 2277 932 2347 fabrica
952 2278 1105 2366 thermis,

383 2386 427 2450 Et
447 2383 585 2473 duplicat
605 2383 711 2450 radios
733 2381 874 2450 fontibus
896 2399 983 2452 aucta
1005 2387 1083 2452 dics.

340 2491 414 2556 Hoc
435 2513 500 2556 uno
520 2512 582 2554 rex
602 2485 677 2553 fecit
697 2511 776 2577 opus
799 2489 1063 2556 Thrasamundus
1084 2491 1119 2556 in
1141 2513 1242 2572 aurio,
1316 2537 1317 2540 ,

382 2595 498 2662 Inclita
519 2593 596 2658 dans
614 2593 739 2682 populis
761 2616 897 2659 munera
917 2595 1126 2684 temporibus.

258 2712 280 2774 5
344 2701 411 2768 Hic
429 2699 557 2766 senibus
577 2700 696 2766 florens
716 2698 821 2764 virtus
848 2711 1023 2765 renovatur
1044 2699 1182 2782 anhelis,

385 2807 451 2875 Hic
470 2805 569 2873 fessos
594 2819 679 2872 artus
699 2803 777 2870 viva
796 2806 925 2872 lavacra
945 2803 1068 2872 fovent.

344 2915 522 2981 Miscentur
543 2912 662 3002 pariter
682 2909 777 2976 sociis
802 2909 950 2976 incendia
969 2911 1136 3004 lymphis,

231 3004 234 3009 ¹
386 3022 429 3087 Et
449 3015 571 3106 gelidos
591 3017 713 3084 imbres
734 3015 904 3105 proximus
933 3015 1016 3104 ignis
1037 3015 1142 3083 habet.

333 3125 441 3194 ¹Utilis
464 3125 518 3190 hic
539 3124 672 3190 flamma
700 3133 746 3186 cst
767 3133 798 3186 et
818 3123 922 3187 nullos
944 3122 1083 3211 pascitur
1105 3135 1189 3189 artus

263 3243 304 3304 10
388 3231 588 3318 Optaturque
609 3230 711 3317 magis
733 3253 792 3318 per
811 3251 898 3293 nova
919 3239 995 3293 vota
1016 3231 1113 3294 calor.

346 3334 494 3420 Longior
514 3335 568 3400 hic
595 3359 705 3424 aegros
727 3333 920 3399 morborum
942 3354 1019 3398 cura
1039 3333 1214 3418 relinquit,

387 3439 459 3504 Nec
474 3440 559 3508 lavat
579 3441 615 3506 in
636 3439 747 3507 vitreis
774 3437 829 3503 hic
846 3437 1025 3506 moriturus
1045 3437 1142 3524 aquis.

775 3591 861 3662 203·

682 3697 803 3766 Flavii
826 3697 968 3764 Felices.

348 3803 448 3890 Regia
469 3803 644 3891 praeclaras
665 3803 768 3868 erexit
787 3801 884 3868 iussio
909 3803 1029 3884 moles,

395 3908 499 3972 Sensit
520 3920 549 3974 et
569 3907 748 3996 imperi-um
770 3909 841 3974 calx
861 3907 942 3996 lapis
965 3908 1055 3972 unda
1073 3905 1172 3973 iocus.

349 4015 493 4080 Inclusus
516 4013 677 4080 Vulcanus
699 4012 787 4100 aquis
814 4013 987 4101 algentibus
1007 4011 1062 4076 hie
1086 4025 1147 4094 est,

392 4121 434 4184 Et
453 4137 567 4206 pacem
587 4119 718 4206 liquidis
739 4118 879 4186 fontibus
901 4117 985 4206 ignis
1005 4117 1111 4183 habet.

267 4245 288 4308 5
353 4227 438 4291 Cum
461 4223 606 4312 lymphis
627 4223 739 4309 gelidis
762 4237 882 4290 constat
900 4223 1072 4290 concordia
1091 4220 1263 4303 flammae,

395 4329 448 4398 Ac
469 4341 571 4420 stupet
591 4329 735 4396 ardentes
763 4329 881 4417 frigida
902 4328 1062 4415 Nympha
1086 4325 1183 4392 lacus.
