<?xml version="1.0" encoding="UTF-8"?>
<!DOCTYPE html PUBLIC "-//W3C//DTD XHTML 1.0 Transitional//EN"
    "http://www.w3.org/TR/xhtml1/DTD/xhtml1-transitional.dtd">
<html xmlns="http://www.w3.org/1999/xhtml" xml:lang="en" lang="en">
 <head>
  <title>
</title>
<meta http-equiv="Content-Type" content="text/html;charset=utf-8" />
  <meta name='ocr-system' content='tesseract 3.04.00' />
  <meta name='ocr-capabilities' content='ocr_page ocr_carea ocr_par ocr_line ocrx_word'/>
</head>
<body>
  <div class='ocr_page' id='page_1' title='image "./anthologiaveter00burmgoog_0129.png"; bbox 0 0 2992 4826; ppageno 0'>
   <div class='ocr_carea' id='block_1_1' title="bbox 777 251 826 328">
    <p class='ocr_par' dir='ltr' id='par_1_1' title="bbox 777 251 826 328">
     <span class='ocr_line' id='line_1_1' title="bbox 777 251 826 328; baseline 0 0"><span class='ocrx_word' id='word_1_1' title='bbox 777 251 826 328; x_wconf 74' lang='lat'><strong>64</strong></span> 
     </span>
    </p>
   </div>
   <div class='ocr_carea' id='block_1_2' title="bbox 247 448 1247 1480">
    <p class='ocr_par' dir='ltr' id='par_1_2' title="bbox 247 448 1247 1480">
     <span class='ocr_line' id='line_1_2' title="bbox 328 448 1214 536; baseline 0 -18"><span class='ocrx_word' id='word_1_2' title='bbox 328 450 426 518; x_wconf 81' lang='lat' dir='ltr'><strong>&#39;Nam</strong></span> <span class='ocrx_word' id='word_1_3' title='bbox 446 448 539 518; x_wconf 85' lang='lat' dir='ltr'><strong>Graii</strong></span> <span class='ocrx_word' id='word_1_4' title='bbox 560 449 699 517; x_wconf 78' lang='lat' dir='ltr'><strong>Troiam</strong></span> <span class='ocrx_word' id='word_1_5' title='bbox 719 460 861 536; x_wconf 85' lang='lat' dir='ltr'><strong>peterent</strong></span> <span class='ocrx_word' id='word_1_6' title='bbox 883 469 957 514; x_wconf 87' lang='lat' dir='ltr'><strong>cum</strong></span> <span class='ocrx_word' id='word_1_7' title='bbox 977 449 1068 516; x_wconf 88' lang='lat' dir='ltr'><strong>mille</strong></span> <span class='ocrx_word' id='word_1_8' title='bbox 1089 451 1214 534; x_wconf 85' lang='lat' dir='ltr'><strong>carinis,</strong></span> 
     </span>
     <span class='ocr_line' id='line_1_3' title="bbox 375 552 1066 644; baseline -0.006 -22"><span class='ocrx_word' id='word_1_9' title='bbox 375 557 537 644; x_wconf 87' lang='lat' dir='ltr'><strong>Tangeret</strong></span> <span class='ocrx_word' id='word_1_10' title='bbox 555 569 586 624; x_wconf 91' lang='lat' dir='ltr'><strong>et</strong></span> <span class='ocrx_word' id='word_1_11' title='bbox 605 555 711 622; x_wconf 90' lang='lat' dir='ltr'><strong>classis</strong></span> <span class='ocrx_word' id='word_1_12' title='bbox 731 553 806 619; x_wconf 91' lang='lat' dir='ltr'><strong>litus</strong></span> <span class='ocrx_word' id='word_1_13' title='bbox 827 552 933 620; x_wconf 86' lang='lat' dir='ltr'><strong>adacta</strong></span> <span class='ocrx_word' id='word_1_14' title='bbox 952 577 1066 628; x_wconf 81' lang='lat' dir='ltr'><strong>suum:</strong></span> 
     </span>
     <span class='ocr_line' id='line_1_4' title="bbox 248 657 1247 747; baseline -0.005 -18"><span class='ocrx_word' id='word_1_15' title='bbox 248 671 270 736; x_wconf 85' lang='lat'>5</span> <span class='ocrx_word' id='word_1_16' title='bbox 333 663 513 730; x_wconf 86' lang='lat' dir='ltr'><strong>Occurrens</strong></span> <span class='ocrx_word' id='word_1_17' title='bbox 533 661 653 727; x_wconf 79' lang='lat' dir='ltr'>Danais</span> <span class='ocrx_word' id='word_1_18' title='bbox 674 659 753 726; x_wconf 89' lang='lat' dir='ltr'><strong>forti</strong></span> <span class='ocrx_word' id='word_1_19' title='bbox 772 658 851 724; x_wconf 90' lang='lat' dir='ltr'><strong>dum</strong></span> <span class='ocrx_word' id='word_1_20' title='bbox 870 657 1142 747; x_wconf 54' lang='lat' dir='ltr'><strong>pugnat‘Achilli,</strong></span> <span class='ocrx_word' id='word_1_21' title='bbox 1242 731 1247 740; x_wconf 37' lang='lat'><strong><em>¹</em></strong></span> 
     </span>
     <span class='ocr_line' id='line_1_5' title="bbox 374 759 1053 855; baseline -0.009 -23"><span class='ocrx_word' id='word_1_22' title='bbox 374 765 489 854; x_wconf 86' lang='lat' dir='ltr'>Scyria</span> <span class='ocrx_word' id='word_1_23' title='bbox 507 765 659 855; x_wconf 87' lang='lat' dir='ltr'><strong>pugnanti</strong></span> <span class='ocrx_word' id='word_1_24' title='bbox 678 763 814 854; x_wconf 87' lang='lat' dir='ltr'><strong>perculit</strong></span> <span class='ocrx_word' id='word_1_25' title='bbox 834 763 921 828; x_wconf 86' lang='lat' dir='ltr'><strong>hasta</strong></span> <span class='ocrx_word' id='word_1_26' title='bbox 938 759 1053 832; x_wconf 81' lang='lat' dir='ltr'><strong>femur.</strong></span> 
     </span>
     <span class='ocr_line' id='line_1_6' title="bbox 330 866 1037 956; baseline -0.007 -18"><span class='ocrx_word' id='word_1_27' title='bbox 330 872 397 938; x_wconf 91' lang='lat' dir='ltr'><strong>Pro</strong></span> <span class='ocrx_word' id='word_1_28' title='bbox 419 873 506 936; x_wconf 91' lang='lat' dir='ltr'><strong>cuius</strong></span> <span class='ocrx_word' id='word_1_29' title='bbox 527 893 603 937; x_wconf 88' lang='lat' dir='ltr'><strong>cura</strong></span> <span class='ocrx_word' id='word_1_30' title='bbox 623 869 781 936; x_wconf 90' lang='lat' dir='ltr'><strong>consultus</strong></span> <span class='ocrx_word' id='word_1_31' title='bbox 802 867 883 934; x_wconf 85' lang='lat' dir='ltr'><strong>dixit</strong></span> <span class='ocrx_word' id='word_1_32' title='bbox 903 866 1037 956; x_wconf 86' lang='lat' dir='ltr'><strong>Apollo,</strong></span> 
     </span>
     <span class='ocr_line' id='line_1_7' title="bbox 275 973 1174 1068; baseline -0.001 -25"><span class='ocrx_word' id='word_1_33' title='bbox 275 981 278 988; x_wconf 81' lang='grc'><em>’</em></span> <span class='ocrx_word' id='word_1_34' title='bbox 373 975 505 1043; x_wconf 89' lang='lat' dir='ltr'><strong>Hostica</strong></span> <span class='ocrx_word' id='word_1_35' title='bbox 528 999 591 1061; x_wconf 94' lang='lat' dir='ltr'><strong>quo</strong></span> <span class='ocrx_word' id='word_1_36' title='bbox 611 973 773 1042; x_wconf 80' lang='lat' dir='ltr'><strong>salubrem</strong></span> <span class='ocrx_word' id='word_1_37' title='bbox 794 973 897 1062; x_wconf 89' lang='lat' dir='ltr'><strong>cuspis</strong></span> <span class='ocrx_word' id='word_1_38' title='bbox 918 973 1047 1042; x_wconf 88' lang='lat' dir='ltr'><strong>haberet</strong></span> <span class='ocrx_word' id='word_1_39' title='bbox 1067 999 1174 1068; x_wconf 82' lang='lat' dir='ltr'><strong>opem.</strong></span> 
     </span>
     <span class='ocr_line' id='line_1_8' title="bbox 329 1075 1153 1169; baseline -0.002 -21"><span class='ocrx_word' id='word_1_40' title='bbox 329 1080 415 1148; x_wconf 86' lang='lat' dir='ltr'><strong>Mox</strong></span> <span class='ocrx_word' id='word_1_41' title='bbox 435 1077 582 1169; x_wconf 85' lang='lat' dir='ltr'><strong>precibus</strong></span> <span class='ocrx_word' id='word_1_42' title='bbox 602 1079 680 1146; x_wconf 86' lang='lat' dir='ltr'><strong>flexi</strong></span> <span class='ocrx_word' id='word_1_43' title='bbox 701 1075 829 1142; x_wconf 80' lang='lat' dir='ltr'><strong>Pelidae</strong></span> <span class='ocrx_word' id='word_1_44' title='bbox 848 1076 966 1144; x_wconf 85' lang='lat' dir='ltr'><strong>robore</strong></span> <span class='ocrx_word' id='word_1_45' title='bbox 985 1103 1069 1165; x_wconf 87' lang='lat' dir='ltr'><strong>raso,</strong></span> <span class='ocrx_word' id='word_1_46' title='bbox 1148 1145 1153 1156; x_wconf 83' lang='grc'><em>,</em></span> 
     </span>
     <span class='ocr_line' id='line_1_9' title="bbox 247 1179 1052 1271; baseline 0 -21"><span class='ocrx_word' id='word_1_47' title='bbox 247 1201 290 1264; x_wconf 76' lang='lat'><strong>10</strong></span> <span class='ocrx_word' id='word_1_48' title='bbox 372 1184 491 1250; x_wconf 88' lang='lat' dir='ltr'><strong>Iniecto</strong></span> <span class='ocrx_word' id='word_1_49' title='bbox 512 1182 669 1250; x_wconf 84' lang='lat' dir='ltr'><strong>membris</strong></span> <span class='ocrx_word' id='word_1_50' title='bbox 691 1184 825 1268; x_wconf 86' lang='lat' dir='ltr'><strong>pulvere</strong></span> <span class='ocrx_word' id='word_1_51' title='bbox 847 1184 938 1271; x_wconf 81' lang='lat' dir='ltr'>plaga</span> <span class='ocrx_word' id='word_1_52' title='bbox 963 1179 1052 1270; x_wconf 86' lang='lat' dir='ltr'><strong>fugit.</strong></span> 
     </span>
     <span class='ocr_line' id='line_1_10' title="bbox 330 1286 1083 1358; baseline -0.008 0"><span class='ocrx_word' id='word_1_53' title='bbox 330 1289 514 1358; x_wconf 87' lang='lat' dir='ltr'><strong>Monstrant</strong></span> <span class='ocrx_word' id='word_1_54' title='bbox 531 1286 594 1355; x_wconf 85' lang='lat' dir='ltr'><strong>fata</strong></span> <span class='ocrx_word' id='word_1_55' title='bbox 614 1287 681 1355; x_wconf 86' lang='lat' dir='ltr'><strong>viri</strong></span> <span class='ocrx_word' id='word_1_56' title='bbox 700 1287 793 1354; x_wconf 84' lang='lat' dir='ltr'><strong>vario</strong></span> <span class='ocrx_word' id='word_1_57' title='bbox 813 1287 969 1353; x_wconf 84' lang='lat' dir='ltr'><strong>miracula</strong></span> <span class='ocrx_word' id='word_1_58' title='bbox 993 1311 1083 1354; x_wconf 80' lang='lat' dir='ltr'><strong>casu:</strong></span> 
     </span>
     <span class='ocr_line' id='line_1_11' title="bbox 373 1385 1188 1480; baseline -0.002 -20"><span class='ocrx_word' id='word_1_59' title='bbox 373 1393 472 1464; x_wconf 81' lang='lat' dir='ltr'><strong>Unda</strong></span> <span class='ocrx_word' id='word_1_60' title='bbox 493 1392 602 1460; x_wconf 88' lang='lat' dir='ltr'><strong>datum</strong></span> <span class='ocrx_word' id='word_1_61' title='bbox 622 1405 669 1460; x_wconf 86' lang='lat' dir='ltr'><strong>est</strong></span> <span class='ocrx_word' id='word_1_62' title='bbox 690 1394 823 1479; x_wconf 82' lang='lat' dir='ltr'><strong>vulnus,</strong></span> <span class='ocrx_word' id='word_1_63' title='bbox 852 1392 981 1480; x_wconf 87' lang='lat' dir='ltr'><strong>contigit</strong></span> <span class='ocrx_word' id='word_1_64' title='bbox 1000 1392 1076 1461; x_wconf 91' lang='lat' dir='ltr'><strong>inde</strong></span> <span class='ocrx_word' id='word_1_65' title='bbox 1094 1385 1188 1462; x_wconf 58' lang='lat' dir='ltr'><strong>salus,</strong></span> 
     </span>
    </p>
   </div>
   <div class='ocr_carea' id='block_1_3' title="bbox 598 1512 999 1716">
    <p class='ocr_par' dir='ltr' id='par_1_3' title="bbox 598 1512 999 1716">
     <span class='ocr_line' id='line_1_12' title="bbox 598 1512 999 1716; baseline -0.002 -26"><span class='ocrx_word' id='word_1_66' title='bbox 598 1523 771 1692; x_wconf 82' lang='lat' dir='ltr'><strong>Petronii1</strong></span> <span class='ocrx_word' id='word_1_67' title='bbox 776 1512 999 1716; x_wconf 51' lang='lat' dir='ltr'><strong>{limigenidis</strong></span> 
     </span>
    </p>
   </div>
   <div class='ocr_carea' id='block_1_4' title="bbox 287 1730 1126 1904">
    <p class='ocr_par' dir='ltr' id='par_1_4' title="bbox 287 1730 1126 1904">
     <span class='ocr_line' id='line_1_13' title="bbox 698 1730 895 1803; baseline -0.01 -19"><span class='ocrx_word' id='word_1_68' title='bbox 698 1730 769 1784; x_wconf 83' lang='lat' dir='ltr'><strong>Laus</strong></span> <span class='ocrx_word' id='word_1_69' title='bbox 787 1731 895 1803; x_wconf 80' lang='lat' dir='ltr'><strong>Xerxis.</strong></span> 
     </span>
     <span class='ocr_line' id='line_1_14' title="bbox 287 1816 1126 1904; baseline -0.007 -20"><span class='ocrx_word' id='word_1_70' title='bbox 287 1817 400 1884; x_wconf 85' lang='lat' dir='ltr'><strong>Perses</strong></span> <span class='ocrx_word' id='word_1_71' title='bbox 420 1837 555 1904; x_wconf 80' lang='lat' dir='ltr'><strong>magnus</strong></span> <span class='ocrx_word' id='word_1_72' title='bbox 576 1816 678 1901; x_wconf 89' lang='lat' dir='ltr'><strong>adest,</strong></span> <span class='ocrx_word' id='word_1_73' title='bbox 704 1831 786 1887; x_wconf 92' lang='lat' dir='ltr'><strong>totus</strong></span> <span class='ocrx_word' id='word_1_74' title='bbox 807 1817 977 1886; x_wconf 77' lang='lat' dir='ltr'><strong>comitatur</strong></span> <span class='ocrx_word' id='word_1_75' title='bbox 997 1825 1126 1882; x_wconf 87' lang='lat' dir='ltr'><strong>euntem</strong></span> 
     </span>
    </p>
   </div>
   <div class='ocr_carea' id='block_1_5' title="bbox 247 1911 1170 2426">
    <p class='ocr_par' dir='ltr' id='par_1_5' title="bbox 247 1911 1170 2426">
     <span class='ocr_line' id='line_1_15' title="bbox 331 1911 1170 2008; baseline -0.005 -18"><span class='ocrx_word' id='word_1_76' title='bbox 331 1922 443 1995; x_wconf 81' lang='lat' dir='ltr'><strong>Orbis.</strong></span> <span class='ocrx_word' id='word_1_77' title='bbox 484 1920 573 2008; x_wconf 87' lang='lat' dir='ltr'><strong>Quid</strong></span> <span class='ocrx_word' id='word_1_78' title='bbox 593 1911 731 2008; x_wconf 81' lang='lat' dir='ltr'><strong>dubitas,</strong></span> <span class='ocrx_word' id='word_1_79' title='bbox 756 1924 909 2000; x_wconf 85' lang='lat' dir='ltr'><strong>Graecia,</strong></span> <span class='ocrx_word' id='word_1_80' title='bbox 930 1921 1017 1988; x_wconf 86' lang='lat' dir='ltr'><strong>ferre</strong></span> <span class='ocrx_word' id='word_1_81' title='bbox 1036 1921 1170 2008; x_wconf 74' lang='lat' dir='ltr'><strong>iugum?</strong></span> 
     </span>
     <span class='ocr_line' id='line_1_16' title="bbox 289 2023 1049 2116; baseline 0.003 -24"><span class='ocrx_word' id='word_1_82' title='bbox 289 2023 402 2092; x_wconf 84' lang='lat' dir='ltr'><strong>Tellus</strong></span> <span class='ocrx_word' id='word_1_83' title='bbox 424 2025 506 2090; x_wconf 89' lang='lat' dir='ltr'><strong>iussa</strong></span> <span class='ocrx_word' id='word_1_84' title='bbox 526 2023 616 2108; x_wconf 84' lang='lat' dir='ltr'><strong>facit,</strong></span> <span class='ocrx_word' id='word_1_85' title='bbox 638 2030 764 2094; x_wconf 88' lang='lat' dir='ltr'><strong>coelum</strong></span> <span class='ocrx_word' id='word_1_86' title='bbox 784 2041 893 2096; x_wconf 85' lang='lat' dir='ltr'><strong>texere</strong></span> <span class='ocrx_word' id='word_1_87' title='bbox 913 2029 1049 2116; x_wconf 78' lang='lat' dir='ltr'><strong>sagittae,</strong></span> 
     </span>
     <span class='ocr_line' id='line_1_17' title="bbox 330 2129 1070 2206; baseline 0.001 -10"><span class='ocrx_word' id='word_1_88' title='bbox 330 2129 543 2196; x_wconf 86' lang='lat' dir='ltr'><strong>Abscondunt</strong></span> <span class='ocrx_word' id='word_1_89' title='bbox 563 2131 684 2196; x_wconf 88' lang='lat' dir='ltr'><strong>clarum</strong></span> <span class='ocrx_word' id='word_1_90' title='bbox 705 2134 833 2198; x_wconf 91' lang='lat' dir='ltr'><strong>Persica</strong></span> <span class='ocrx_word' id='word_1_91' title='bbox 853 2137 913 2200; x_wconf 92' lang='lat' dir='ltr'><strong>tela</strong></span> <span class='ocrx_word' id='word_1_92' title='bbox 935 2135 1070 2206; x_wconf 66' lang='lat' dir='ltr'><strong>Iovem.⁸</strong></span> 
     </span>
     <span class='ocr_line' id='line_1_18' title="bbox 247 2231 1097 2316; baseline -0.005 -12"><span class='ocrx_word' id='word_1_93' title='bbox 247 2241 270 2312; x_wconf 78' lang='lat'><strong>5</strong></span> <span class='ocrx_word' id='word_1_94' title='bbox 290 2237 411 2303; x_wconf 83' lang='lat' dir='ltr'><strong>Classes</strong></span> <span class='ocrx_word' id='word_1_95' title='bbox 431 2231 533 2298; x_wconf 87' lang='lat' dir='ltr'><strong>fossus</strong></span> <span class='ocrx_word' id='word_1_96' title='bbox 554 2231 658 2298; x_wconf 89' lang='lat' dir='ltr'><strong>Athos</strong></span> <span class='ocrx_word' id='word_1_97' title='bbox 678 2235 763 2302; x_wconf 91' lang='lat' dir='ltr'><strong>intra</strong></span> <span class='ocrx_word' id='word_1_98' title='bbox 781 2260 837 2302; x_wconf 90' lang='lat' dir='ltr'><strong>sua</strong></span> <span class='ocrx_word' id='word_1_99' title='bbox 856 2238 982 2303; x_wconf 83' lang='lat' dir='ltr'><strong>viscera</strong></span> <span class='ocrx_word' id='word_1_100' title='bbox 1004 2235 1097 2316; x_wconf 86' lang='lat' dir='ltr'><strong>vidit,</strong></span> 
     </span>
     <span class='ocr_line' id='line_1_19' title="bbox 331 2337 1066 2426; baseline -0.003 -22"><span class='ocrx_word' id='word_1_101' title='bbox 331 2341 501 2424; x_wconf 78' lang='lat' dir='ltr'><strong>Phryxeae</strong></span> <span class='ocrx_word' id='word_1_102' title='bbox 520 2338 664 2426; x_wconf 87' lang='lat' dir='ltr'><strong>peditem</strong></span> <span class='ocrx_word' id='word_1_103' title='bbox 684 2337 772 2406; x_wconf 87' lang='lat' dir='ltr'><strong>ferre</strong></span> <span class='ocrx_word' id='word_1_104' title='bbox 791 2340 938 2406; x_wconf 88' lang='lat' dir='ltr'><strong>iubentur</strong></span> <span class='ocrx_word' id='word_1_105' title='bbox 960 2361 1066 2426; x_wconf 89' lang='lat' dir='ltr'><strong>aquae.</strong></span> 
     </span>
    </p>
   </div>
   <div class='ocr_carea' id='block_1_6' title="bbox 288 2413 1416 2617">
    <p class='ocr_par' dir='ltr' id='par_1_6' title="bbox 288 2413 1416 2617">
     <span class='ocr_line' id='line_1_20' title="bbox 288 2413 1416 2530; baseline -0.004 -22"><span class='ocrx_word' id='word_1_106' title='bbox 288 2443 369 2530; x_wconf 88' lang='lat' dir='ltr'><strong>Quis</strong></span> <span class='ocrx_word' id='word_1_107' title='bbox 388 2464 493 2508; x_wconf 89' lang='lat' dir='ltr'><strong>novus</strong></span> <span class='ocrx_word' id='word_1_108' title='bbox 510 2443 565 2508; x_wconf 87' lang='lat' dir='ltr'><strong>hic</strong></span> <span class='ocrx_word' id='word_1_109' title='bbox 582 2443 756 2508; x_wconf 90' lang='lat' dir='ltr'><strong>hominum</strong></span> <span class='ocrx_word' id='word_1_110' title='bbox 776 2456 957 2530; x_wconf 83' lang='lat' dir='ltr'><strong>terramque</strong></span> <span class='ocrx_word' id='word_1_111' title='bbox 969 2443 1118 2528; x_wconf 87' lang='lat' dir='ltr'><strong>diemque</strong></span> <span class='ocrx_word' id='word_1_112' title='bbox 1129 2438 1309 2530; x_wconf 86' lang='lat' dir='ltr'><strong>fretumque</strong></span> <span class='ocrx_word' id='word_1_113' title='bbox 1359 2413 1361 2418; x_wconf 23' lang='grc' dir='ltr'>Ι</span> <span class='ocrx_word' id='word_1_114' title='bbox 1411 2443 1416 2454; x_wconf 94' lang='grc'><strong>’</strong></span> 
     </span>
     <span class='ocr_line' id='line_1_21' title="bbox 332 2547 1096 2617; baseline 0 -3"><span class='ocrx_word' id='word_1_115' title='bbox 332 2549 516 2617; x_wconf 75' lang='lat' dir='ltr'><strong>Permutat?</strong></span> <span class='ocrx_word' id='word_1_116' title='bbox 561 2548 655 2615; x_wconf 88' lang='lat' dir='ltr'><strong>Certe</strong></span> <span class='ocrx_word' id='word_1_117' title='bbox 673 2547 732 2614; x_wconf 92' lang='lat' dir='ltr'><strong>sub</strong></span> <span class='ocrx_word' id='word_1_118' title='bbox 754 2547 835 2615; x_wconf 86' lang='lat' dir='ltr'><strong>Iove</strong></span> <span class='ocrx_word' id='word_1_119' title='bbox 854 2548 994 2614; x_wconf 87' lang='lat' dir='ltr'><strong>mundus</strong></span> <span class='ocrx_word' id='word_1_120' title='bbox 1013 2551 1096 2615; x_wconf 77' lang='lat' dir='ltr'><strong>erat!</strong></span> 
     </span>
    </p>
   </div>
   <div class='ocr_carea' id='block_1_7' title="bbox 242 2774 1240 3917">
    <p class='ocr_par' dir='ltr' id='par_1_7' title="bbox 242 2774 1240 3917">
     <span class='ocr_line' id='line_1_22' title="bbox 590 2774 1004 2865; baseline -0.017 -17"><span class='ocrx_word' id='word_1_121' title='bbox 590 2776 751 2848; x_wconf 82' lang='lat' dir='ltr'><strong>Petronii</strong></span> <span class='ocrx_word' id='word_1_122' title='bbox 770 2774 1004 2865; x_wconf 82' lang='lat' dir='ltr'><strong>Antigenidis.</strong></span> 
     </span>
     <span class='ocr_line' id='line_1_23' title="bbox 293 2874 1141 2965; baseline -0.007 -13"><span class='ocrx_word' id='word_1_123' title='bbox 293 2941 297 2952; x_wconf 93' lang='lat'><em>.</em></span> <span class='ocrx_word' id='word_1_124' title='bbox 329 2882 419 2948; x_wconf 89' lang='lat' dir='ltr'><strong>Haeo</strong></span> <span class='ocrx_word' id='word_1_125' title='bbox 438 2877 554 2948; x_wconf 89' lang='lat' dir='ltr'><strong>urbem</strong></span> <span class='ocrx_word' id='word_1_126' title='bbox 575 2886 657 2950; x_wconf 87' lang='lat' dir='ltr'><strong>circa</strong></span> <span class='ocrx_word' id='word_1_127' title='bbox 675 2884 761 2951; x_wconf 83' lang='lat' dir='ltr'><strong>stulti</strong></span> <span class='ocrx_word' id='word_1_128' title='bbox 782 2896 992 2953; x_wconf 92' lang='lat' dir='ltr'><strong>monumenta</strong></span> <span class='ocrx_word' id='word_1_129' title='bbox 1010 2874 1141 2965; x_wconf 87' lang='lat' dir='ltr'><strong>laboris,</strong></span> 
     </span>
     <span class='ocr_line' id='line_1_24' title="bbox 372 2987 1240 3078; baseline -0.007 -26"><span class='ocrx_word' id='word_1_130' title='bbox 372 2987 520 3074; x_wconf 88' lang='lat' dir='ltr'><strong>Quasque</strong></span> <span class='ocrx_word' id='word_1_131' title='bbox 541 2988 632 3054; x_wconf 87' lang='lat' dir='ltr'><strong>vides</strong></span> <span class='ocrx_word' id='word_1_132' title='bbox 650 2992 769 3072; x_wconf 88' lang='lat' dir='ltr'><strong>moles,</strong></span> <span class='ocrx_word' id='word_1_133' title='bbox 791 2987 916 3078; x_wconf 88' lang='lat' dir='ltr'><strong>Appia,</strong></span> <span class='ocrx_word' id='word_1_134' title='bbox 936 3009 1145 3067; x_wconf 87' lang='lat' dir='ltr'><strong>marmoreas,</strong></span> <span class='ocrx_word' id='word_1_135' title='bbox 1238 3043 1240 3046; x_wconf 84' lang='lat'>.</span> 
     </span>
     <span class='ocr_line' id='line_1_25' title="bbox 328 3091 1197 3188; baseline 0 -32"><span class='ocrx_word' id='word_1_136' title='bbox 328 3091 580 3180; x_wconf 88' lang='lat' dir='ltr'><strong>Pyramidasque</strong></span> <span class='ocrx_word' id='word_1_137' title='bbox 601 3116 689 3158; x_wconf 89' lang='lat' dir='ltr'><strong>ausas</strong></span> <span class='ocrx_word' id='word_1_138' title='bbox 710 3093 858 3160; x_wconf 85' lang='lat' dir='ltr'><strong>vicinum</strong></span> <span class='ocrx_word' id='word_1_139' title='bbox 878 3094 1040 3181; x_wconf 80' lang='lat' dir='ltr'><strong>adtingere</strong></span> <span class='ocrx_word' id='word_1_140' title='bbox 1061 3094 1197 3188; x_wconf 86' lang='lat' dir='ltr'><strong>coelum,</strong></span> 
     </span>
     <span class='ocr_line' id='line_1_26' title="bbox 367 3187 1129 3287; baseline 0.003 -26"><span class='ocrx_word' id='word_1_141' title='bbox 367 3196 577 3282; x_wconf 84' lang='lat' dir='ltr'><strong>Pyramides,</strong></span> <span class='ocrx_word' id='word_1_142' title='bbox 603 3195 712 3261; x_wconf 89' lang='lat' dir='ltr'><strong>medio</strong></span> <span class='ocrx_word' id='word_1_143' title='bbox 734 3201 808 3284; x_wconf 85' lang='lat' dir='ltr'><strong>quas</strong></span> <span class='ocrx_word' id='word_1_144' title='bbox 830 3198 914 3287; x_wconf 85' lang='lat' dir='ltr'><strong>sugit</strong></span> <span class='ocrx_word' id='word_1_145' title='bbox 932 3187 1048 3267; x_wconf 86' lang='lat' dir='ltr'><strong>umbra</strong></span> <span class='ocrx_word' id='word_1_146' title='bbox 1068 3198 1129 3283; x_wconf 83' lang='lat' dir='ltr'><strong>die,</strong></span> 
     </span>
     <span class='ocr_line' id='line_1_27' title="bbox 242 3300 1049 3386; baseline 0 -20"><span class='ocrx_word' id='word_1_147' title='bbox 242 3300 265 3375; x_wconf 74' lang='grc' dir='ltr'><em>ὅ</em></span> <span class='ocrx_word' id='word_1_148' title='bbox 326 3301 370 3366; x_wconf 87' lang='lat' dir='ltr'><strong>Et</strong></span> <span class='ocrx_word' id='word_1_149' title='bbox 389 3301 609 3385; x_wconf 87' lang='lat' dir='ltr'><strong>Mausoleum,</strong></span> <span class='ocrx_word' id='word_1_150' title='bbox 638 3301 774 3366; x_wconf 89' lang='lat' dir='ltr'><strong>miserae</strong></span> <span class='ocrx_word' id='word_1_151' title='bbox 793 3304 904 3368; x_wconf 90' lang='lat' dir='ltr'><strong>solatia</strong></span> <span class='ocrx_word' id='word_1_152' title='bbox 925 3305 1049 3386; x_wconf 89' lang='lat' dir='ltr'><strong>mortis,</strong></span> 
     </span>
     <span class='ocr_line' id='line_1_28' title="bbox 369 3403 1084 3496; baseline 0.001 -27"><span class='ocrx_word' id='word_1_153' title='bbox 369 3403 479 3469; x_wconf 91' lang='lat' dir='ltr'><strong>Intulit</strong></span> <span class='ocrx_word' id='word_1_154' title='bbox 499 3416 669 3482; x_wconf 85' lang='lat' dir='ltr'><strong>externum</strong></span> <span class='ocrx_word' id='word_1_155' title='bbox 690 3430 751 3496; x_wconf 91' lang='lat' dir='ltr'><strong>quo</strong></span> <span class='ocrx_word' id='word_1_156' title='bbox 774 3409 942 3496; x_wconf 82' lang='lat' dir='ltr'><strong>Cleopatra</strong></span> <span class='ocrx_word' id='word_1_157' title='bbox 963 3407 1084 3488; x_wconf 88' lang='lat' dir='ltr'><strong>virum,</strong></span> 
     </span>
     <span class='ocr_line' id='line_1_29' title="bbox 327 3507 1162 3599; baseline -0.005 -22"><span class='ocrx_word' id='word_1_158' title='bbox 327 3507 495 3577; x_wconf 91' lang='lat' dir='ltr'><strong>Concutiet</strong></span> <span class='ocrx_word' id='word_1_159' title='bbox 514 3521 692 3599; x_wconf 88' lang='lat' dir='ltr'><strong>sternetque</strong></span> <span class='ocrx_word' id='word_1_160' title='bbox 712 3510 795 3595; x_wconf 88' lang='lat' dir='ltr'><strong>dies,</strong></span> <span class='ocrx_word' id='word_1_161' title='bbox 817 3533 943 3598; x_wconf 90' lang='lat' dir='ltr'><strong>quoque</strong></span> <span class='ocrx_word' id='word_1_162' title='bbox 964 3509 1053 3575; x_wconf 83' lang='lat' dir='ltr'><strong>altius</strong></span> <span class='ocrx_word' id='word_1_163' title='bbox 1075 3521 1162 3575; x_wconf 87' lang='lat' dir='ltr'><strong>extat</strong></span> 
     </span>
     <span class='ocr_line' id='line_1_30' title="bbox 295 3614 1221 3706; baseline 0 -26"><span class='ocrx_word' id='word_1_164' title='bbox 295 3682 300 3691; x_wconf 72' lang='grc'><strong>,</strong></span> <span class='ocrx_word' id='word_1_165' title='bbox 367 3614 526 3702; x_wconf 86' lang='lat' dir='ltr'><strong>Quodque</strong></span> <span class='ocrx_word' id='word_1_166' title='bbox 547 3640 635 3706; x_wconf 91' lang='lat' dir='ltr'><strong>opus,</strong></span> <span class='ocrx_word' id='word_1_167' title='bbox 655 3616 719 3682; x_wconf 92' lang='lat' dir='ltr'><strong>hoc</strong></span> <span class='ocrx_word' id='word_1_168' title='bbox 737 3615 818 3680; x_wconf 93' lang='lat' dir='ltr'><strong>illud</strong></span> <span class='ocrx_word' id='word_1_169' title='bbox 835 3628 941 3706; x_wconf 83' lang='lat' dir='ltr'><strong>carpet</strong></span> <span class='ocrx_word' id='word_1_170' title='bbox 961 3616 1091 3701; x_wconf 81' lang='lat' dir='ltr'><strong>edatque</strong></span> <span class='ocrx_word' id='word_1_171' title='bbox 1108 3614 1221 3702; x_wconf 85' lang='lat' dir='ltr'><strong>magis.</strong></span> 
     </span>
     <span class='ocr_line' id='line_1_31' title="bbox 323 3718 1184 3808; baseline -0.001 -19"><span class='ocrx_word' id='word_1_172' title='bbox 323 3721 477 3789; x_wconf 88' lang='lat' dir='ltr'><strong>Carmina</strong></span> <span class='ocrx_word' id='word_1_173' title='bbox 495 3721 563 3787; x_wconf 90' lang='lat' dir='ltr'><strong>sola</strong></span> <span class='ocrx_word' id='word_1_174' title='bbox 584 3733 690 3788; x_wconf 86' lang='lat' dir='ltr'><strong>carent</strong></span> <span class='ocrx_word' id='word_1_175' title='bbox 709 3718 775 3786; x_wconf 86' lang='lat' dir='ltr'><strong>sato</strong></span> <span class='ocrx_word' id='word_1_176' title='bbox 796 3734 999 3807; x_wconf 90' lang='lat' dir='ltr'><strong>mortemque</strong></span> <span class='ocrx_word' id='word_1_177' title='bbox 1018 3718 1184 3808; x_wconf 83' lang='lat' dir='ltr'><strong>repellunt,</strong></span> 
     </span>
     <span class='ocr_line' id='line_1_32' title="bbox 367 3826 1129 3917; baseline -0.001 -24"><span class='ocrx_word' id='word_1_178' title='bbox 367 3826 573 3894; x_wconf 88' lang='lat' dir='ltr'><strong>Carminibus</strong></span> <span class='ocrx_word' id='word_1_179' title='bbox 592 3829 686 3896; x_wconf 84' lang='lat' dir='ltr'><strong>vives</strong></span> <span class='ocrx_word' id='word_1_180' title='bbox 707 3851 853 3917; x_wconf 86' lang='lat' dir='ltr'><strong>semper,</strong></span> <span class='ocrx_word' id='word_1_181' title='bbox 873 3829 1037 3911; x_wconf 86' lang='lat' dir='ltr'><strong>Homere,</strong></span> <span class='ocrx_word' id='word_1_182' title='bbox 1056 3827 1129 3894; x_wconf 84' lang='lat' dir='ltr'><strong>tuis.</strong></span> 
     </span>
    </p>
   </div>
   <div class='ocr_carea' id='block_1_8' title="bbox 324 4054 1220 4440">
    <p class='ocr_par' dir='ltr' id='par_1_8' title="bbox 324 4054 1220 4440">
     <span class='ocr_line' id='line_1_33' title="bbox 585 4054 998 4144; baseline -0.012 -20"><span class='ocrx_word' id='word_1_183' title='bbox 585 4054 759 4143; x_wconf 39' lang='lat' dir='ltr'><strong>Petronii·</strong></span> <span class='ocrx_word' id='word_1_184' title='bbox 772 4054 998 4144; x_wconf 80' lang='lat' dir='ltr'><strong>Antigenidis</strong></span> 
     </span>
     <span class='ocr_line' id='line_1_34' title="bbox 666 4159 922 4214; baseline -0.008 0"><span class='ocrx_word' id='word_1_185' title='bbox 666 4163 710 4214; x_wconf 89' lang='lat' dir='ltr'><strong>De</strong></span> <span class='ocrx_word' id='word_1_186' title='bbox 728 4159 801 4213; x_wconf 83' lang='lat' dir='ltr'><strong>Atho</strong></span> <span class='ocrx_word' id='word_1_187' title='bbox 824 4171 922 4213; x_wconf 88' lang='lat' dir='ltr'><strong>monte.</strong></span> 
     </span>
     <span class='ocr_line' id='line_1_35' title="bbox 324 4243 1220 4335; baseline -0.004 -22"><span class='ocrx_word' id='word_1_188' title='bbox 324 4248 403 4332; x_wconf 82' lang='lat' dir='ltr'><strong>Hic,</strong></span> <span class='ocrx_word' id='word_1_189' title='bbox 428 4271 524 4334; x_wconf 90' lang='lat' dir='ltr'><strong>quem</strong></span> <span class='ocrx_word' id='word_1_190' title='bbox 544 4250 666 4332; x_wconf 88' lang='lat' dir='ltr'><strong>cernis,</strong></span> <span class='ocrx_word' id='word_1_191' title='bbox 687 4248 792 4316; x_wconf 85' lang='lat' dir='ltr'><strong>Athos</strong></span> <span class='ocrx_word' id='word_1_192' title='bbox 814 4248 955 4314; x_wconf 88' lang='lat' dir='ltr'><strong>inmissis</strong></span> <span class='ocrx_word' id='word_1_193' title='bbox 975 4248 1105 4335; x_wconf 85' lang='lat' dir='ltr'><strong>pervius</strong></span> <span class='ocrx_word' id='word_1_194' title='bbox 1125 4243 1220 4311; x_wconf 90' lang='lat' dir='ltr'><strong>undis</strong></span> 
     </span>
     <span class='ocr_line' id='line_1_36' title="bbox 365 4353 1034 4440; baseline -0.003 -20"><span class='ocrx_word' id='word_1_195' title='bbox 365 4355 516 4422; x_wconf 82' lang='lat' dir='ltr'><strong>Flexibns</strong></span> <span class='ocrx_word' id='word_1_196' title='bbox 538 4353 674 4440; x_wconf 88' lang='lat' dir='ltr'><strong>obliquis</strong></span> <span class='ocrx_word' id='word_1_197' title='bbox 694 4354 938 4422; x_wconf 77' lang='lat' dir='ltr'><strong>circumeundua</strong></span> <span class='ocrx_word' id='word_1_198' title='bbox 958 4363 1034 4420; x_wconf 86' lang='lat' dir='ltr'><strong>erat.</strong></span> 
     </span>
    </p>
   </div>
   <div class='ocr_carea' id='block_1_9' title="bbox 0 0 1500 4826">
    <p class='ocr_par' dir='ltr' id='par_1_9' title="bbox 0 0 1500 4826">
     <span class='ocr_line' id='line_1_37' title="bbox 0 0 1500 4826; baseline 0 0"><span class='ocrx_word' id='word_1_199' title='bbox 0 0 1500 4826; x_wconf 95' lang='lat' dir='ltr'><strong> </strong></span> 
     </span>
    </p>
   </div>
  </div>
 </body>
</html>
