2944 4836
712 177 916 319 ..ou-

390 407 565 478 sophismate]
581 406 664 475 prima
680 406 767 472 longa.

339 499 367 550 4.
384 500 426 550 vel
443 495 558 562 ratione]
576 495 618 546 An
634 505 661 546 et
678 493 805 550 ratione?
821 492 875 544 sed
891 491 935 545 vel
950 492 1044 543 itidem
1058 510 1108 563 pro
1128 503 1155 544 et
1171 493 1198 544 in
1217 491 1304 560 epigr.
1322 494 1388 563 374,

180 644 181 648 Ἰ
275 603 300 638 2.
320 588 459 647 invenitur,
477 582 565 652 quasia
582 583 671 634 multis
688 583 755 633 locis
771 580 871 634 notarit
887 580 1025 632 Salmasius
1042 583 1076 631 ad
1094 583 1244 650 Scriptores
1261 583 1299 634 H.
1312 585 1389 651 Aug.

341 674 366 726 6.
385 673 466 740 redit]
484 675 501 724 i.
519 691 543 724 e.
560 674 630 723 inter
646 670 772 724 mortales
788 668 945 730 revertitur3
965 668 1047 720 kehrt
1064 669 1112 720 auf
1127 669 1256 722 dieWelt
1271 673 1389 728 suriick.

788 835 872 906 373·

339 924 391 992 op.
410 925 453 993 7⁵·

339 1013 365 1064 5.
384 1014 409 1063 si
425 1014 509 1063 etiam
532 1021 638 1062 centum
648 1008 717 1080 fol.]
740 1027 787 1058 ms.
810 1007 891 1060 salm.
915 1007 993 1074 prob.
1015 1005 1170 1064 Boissonsd.
1203 1010 1236 1060 sd
1261 1013 1388 1064 Nicetam

273 1101 308 1152 Τ.
326 1102 362 1155 ΙΙ.
381 1119 409 1168 p.
428 1117 487 1151 220.
503 1127 539 1138 ··-
555 1101 579 1151 si
597 1109 708 1150 centum·
721 1098 804 1146 etiam
813 1094 897 1164 soliis
913 1095 1003 1160 vulgo.

338 1189 364 1242 4.
384 1190 456 1242 omni
473 1186 616 1258 sanguine]
635 1185 756 1239 Boisson.
774 1186 861 1236 omnis
877 1185 1010 1254 sanguine
1028 1182 1116 1250 vulgo.
1148 1187 1184 1234 In
1200 1185 1252 1242 hac
1268 1189 1387 1240 fortasse

271 1277 300 1329 in
316 1279 346 1331 in
362 1278 432 1328 hanc
448 1277 556 1327 transire
575 1275 664 1324 debet.

339 1366 365 1416 5.
386 1366 470 1428 sidus,
487 1361 564 1429 haec]
590 1357 690 1432 syllaba
707 1362 796 1412 brevis
815 1380 847 1414 us
870 1359 1025 1428 producitur
1042 1369 1099 1410 ante
1118 1361 1150 1411 h.-
1172 1370 1201 1411 ut
1224 1363 1311 1429 epigr.
1338 1382 1390 1416 se-

272 1455 361 1520 quenti
378 1471 404 1504 v.
423 1471 447 1506 2.
465 1453 603 1522 Phrygius
611 1454 730 1510 Hector5
746 1467 774 1501 v.
793 1451 821 1501 4.
834 1448 922 1516 fictus
940 1451 1052 1500 Hector.

339 1705 390 1774 Ep.
409 1704 451 1773 7⁶·
788 1613 872 1689 374

311 1827 319 1856 1
338 1795 364 1846 5.
380 1794 542 1861 Priamidis]
560 1796 578 1849 i.
596 1779 621 1844 e.
639 1793 687 1844 filii
704 1792 809 1858 Priami,
824 1789 957 1843 Hectoris.
993 1787 1116 1840 Notabile
1133 1798 1170 1840 est
1193 1799 1307 1858 propter
1327 1796 1388 1863 syl-

219 1955 223 1972 .
271 1884 355 1940 labem
372 1885 480 1950 primam
497 1870 653 1962 porrectam.
669 1869 692 1898 ‘¹

340 1973 366 2024 6.
385 1971 499 2041 superis]
517 1972 535 2024 i.
553 1989 578 2023 e.
596 1971 754 2023 hominibus.

260 2261 263 2268 ,
339 2189 391 2257 ΕΡ·
410 2208 452 2259 77·
683 2159 688 2176 ’
787 2099 872 2174 3⁷5⁸

338 2295 366 2328 2.
384 2280 413 2329 in
432 2278 524 2344 salsis]
541 2296 590 2331 ms.
609 2275 688 2330 Leid.
706 2277 732 2328 in
749 2293 832 2344 marg.
849 2275 961 2329 insulsis
978 2275 1067 2342 vulgo.

339 2524 450 2596 EN&
786 2434 872 2513 ero.

227 2621 231 2628 “
341 2633 365 2667 ι.
380 2612 543 2683 parietibus]
561 2613 648 2666 medis
666 2614 767 2684 syllaba
784 2623 889 2682 praeter
905 2633 1006 2668 morem
1021 2616 1158 2682 producta.

337 2701 362 2753 6.
380 2704 453 2770 hino]
468 2705 486 2754 i.
505 2721 530 2755 e.
553 2703 652 2786 eximo
669 2704 759 2755 horto.
794 2703 871 2756 Nihil
889 2705 961 2757 aliud
973 2705 1117 2787 medflad
1128 2705 1250 2758 sanandos
1267 2704 1390 2758 morbos

181 2856 184 2860 Ι
271 2789 377 2856 habent,
394 2793 441 2868 nisi
460 2792 532 2861 quod
550 2810 582 2846 ex
598 2791 649 2845 hoc
666 2793 744 2844 horto
762 2809 889 2844 arcessere
906 2803 1022 2862 possunt.

338 2895 364 2946 7.
382 2883 455 2949 quod
471 2882 598 2933 coelicola
615 2881 665 2950 est]
684 2883 749 2947 iam,
761 2893 839 2951 puto,
856 2883 983 2935 coelicola
999 2894 1041 2934 est
1057 2883 1161 2945 hortus,
1179 2881 1225 2934 ubi
1245 2901 1276 2933 n.
1299 2903 1326 2934 r.
1354 2884 1388 2934 B.

270 2971 353 3036 Puto,
370 2971 443 3038 quod
457 2971 538 3020 nolim
554 2969 661 3032 mutari,
686 2969 804 3037 quoniam
821 2971 941 3038 frequens
958 2980 998 3023 est
1015 2970 1042 3021 in
1058 2970 1109 3022 hoc
1131 2979 1226 3039 poete,
1247 2980 1282 3020 ut
1303 2976 1391 3026 credo

271 3057 350 3123 quod·
386 3055 428 3110 An
444 3061 507 3110 Iam
518 3056 599 3130 puio,
617 3060 689 3128 quod
705 3058 772 3110 coeli
787 3058 862 3110 loeus
879 3057 940 3111 est?

785 3200 869 3274 377·

337 3284 390 3353 Er·
407 3303 450 3354 79·

248 3398 252 3409 ·
340 3392 363 3425 1.
383 3383 481 3425 cuncta
498 3385 580 3444 atque
593 3376 738 3448 animalia]
756 3377 793 3429 sic
806 3377 905 3446 scripsi.
919 3386 1070 3446 cunctaque
1078 3376 1212 3430 animalia
1230 3377 1336 3446 vulgo.
1365 3393 1394 3432 et

163 3497 164 3500 κ
270 3471 368 3514 cuncta
384 3464 518 3516 animalia
533 3464 566 3515 Β.
603 3463 681 3517 Cous.
699 3483 775 3534 supra
793 3481 835 3533 ep·
854 3467 916 3534 327.

236 3617 243 3624 „
335 3551 362 3602 4.
379 3551 474 3620 Picus]
488 3553 569 3621 picus
585 3553 672 3620 vulgo.

195 3749 198 3757 .
782 3693 865 3770 378·

228 3827 231 3836 ,
336 3777 388 3846 Ep.
405 3779 449 3831 80.

339 3883 362 3918 1.
382 3866 489 3934 satyri]
505 3867 602 3921 rustica
619 3867 653 3920 de
669 3870 756 3938 plenta
772 3872 863 3940 satyrii
881 3871 976 3924 bulbos
992 3873 1068 3939 legit,
1084 3868 1271 3926 testiculorum
1286 3871 1393 3925 huma-

267 3973 360 4010 norum
375 3957 483 4016 formam
498 3957 654 4009 referentes.

334 4071 361 4108 2.
380 4043 500 4106 vulneris
516 4052 586 4121 alta]
603 4055 623 4105 i.
643 4073 668 4108 e.
685 4058 765 4109 altum
781 4059 883 4108 vulnus.

335 4145 360 4196 3.
374 4135 455 4193 illam
467 4157 498 4209 p.
515 4139 631 4209 solatur]
648 4142 679 4198 Β.
696 4146 774 4198 illum
788 4161 816 4216 p.
834 4146 936 4202 soletur
952 4145 1041 4213 vulgo.

333 4231 360 4282 4.
374 4228 461 4297 parili
480 4238 500 4280 t.
520 4229 620 4300 optare]
638 4231 669 4279 Β.
683 4236 790 4299 pariete
809 4244 876 4292 testo
891 4254 995 4306 gemere
1011 4233 1102 4299 vulgo.

334 4317 358 4367 5.
370 4315 485 4388 figuris]
502 4314 534 4366 B.
547 4316 660 4387 figuras
675 4319 763 4388 vulgo.
