3002 4816
612 280 815 378 „292-

251 468 383 552 Fabula,
407 492 472 534 non
494 467 617 533 crimen
637 465 740 532 nostri
762 465 906 530 dicuutur
927 464 1064 546 amores.

247 573 335 636 Haec
355 572 412 656 ait,
434 585 465 638 et
485 574 575 638 dietis
596 571 781 638 Vulcanum
802 568 928 654 instigat
949 570 1076 633 amaris:

141 701 143 704 ·
249 675 328 757 Dic,
347 675 402 742 ubi
420 681 459 743 sit
480 679 641 765 Cytherea
662 673 791 754 dcceus,
818 697 926 740 secure
946 676 1068 754 marite,

249 780 299 844 Te
320 793 460 867 expectat
480 781 668 859 lacrimans,
697 789 814 844 castum
836 777 894 842 tibi
915 790 1020 843 servat
1041 799 1203 843 amorem=

167 889 229 956 155
252 883 380 968 Quaere
398 884 497 948 simul
517 885 674 964 Martem,
696 881 746 946 oui
765 893 799 946 tu
818 880 918 946 modo
939 883 1000 946 tela
1019 884 1144 970 parasti,

247 986 311 1051 Vel
331 986 358 1051 si
379 984 462 1051 forte
483 1000 552 1052 tuae
573 987 708 1052 Veneris
729 984 796 1050 sera
818 985 953 1051 crimina
972 987 1073 1052 nescis
1093 1021 1136 1036 ··-

247 1091 359 1168 Dixit,
381 1103 411 1156 et
431 1089 535 1156 infuso
555 1092 694 1156 radiabat
719 1092 842 1156 lumine
863 1092 961 1172 lucus,

245 1197 348 1280 Inque
369 1193 468 1259 fidem
491 1197 616 1260 sceleris
644 1208 723 1260 totos
745 1196 906 1260 dimiserat
926 1199 1026 1283 ignes.

248 1301 400 1364 Haeserat
417 1299 596 1386 ignipotens
617 1299 802 1388 stupefactus
825 1299 960 1364 crimine
981 1313 1074 1386 tante,

166 1413 227 1478 160
251 1406 321 1469 Iam
342 1403 630 1492 quasitorpescens
652 1406 710 1470 vix
731 1405 847 1470 sufficit
868 1403 915 1470 ira
938 1405 1053 1490 dolori,

249 1511 317 1576 Ore
338 1506 449 1575 fremit
471 1522 654 1596 moestoque
675 1509 773 1573 modo
795 1509 895 1596 gemit
917 1512 1028 1575 ultima
1049 1512 1174 1598 pulsans

157 1591 160 1608 ¹
245 1616 322 1698 Ilia,
342 1625 373 1679 et
391 1613 559 1700 indignans
580 1613 714 1699 suspiria
735 1635 841 1700 pressa
861 1612 977 1699 fatigat.

246 1719 351 1786 Antra
371 1714 478 1782 furens
499 1715 641 1782 Aetnaea
668 1716 760 1804 petit,
787 1717 845 1780 vix
870 1715 1015 1800 iusserat,
1043 1741 1154 1782 omnes

246 1822 422 1888 Incubuere
441 1841 572 1902 manus,
592 1820 731 1882 multum
753 1819 846 1884 dolor
867 1820 989 1886 addidit
1008 1822 1077 1888 arti.

163 1937 227 2001 165
249 1927 357 2012 Quam
371 1925 433 1989 cito
454 1935 563 1988 cuneta
584 1933 694 2008 gerunt
708 1945 776 2004 ars,
797 1947 933 2007 nurnen,
954 1926 1095 2010 flamma,
1115 1929 1259 2017 ¹maritus,
1302 1919 1308 1957 '

246 2033 315 2113 ira,
337 2029 447 2093 dolor!
473 2049 551 2090 nam
571 2024 631 2091 vix
652 2047 776 2090 causam
798 2039 879 2092 tuuc·
893 2027 975 2093 forte
995 2030 1135 2099 iubendo

246 2137 398 2211 Dixerat,
425 2143 456 2196 et
475 2131 597 2196 'vindex
618 2131 737 2196 coniux
756 2132 821 2195 iam
842 2133 949 2197 vinela
969 2133 1099 2205 ferebat.
1134 2153 1138 2162 ’

246 2240 387 2306 Venerat
407 2237 447 2300 ed
467 2237 556 2301 lucos
576 2257 643 2300 nou
663 2236 725 2323 ipsi
743 2237 830 2302 visus
852 2239 984 2324 Amori,

245 2345 323 2410 Non
345 2341 484 2408 Chariti:
510 2351 589 2405 totas
611 2341 672 2406 arti
692 2343 899 2410 mandaverat
919 2345 993 2412 iras.
1082 2395 1084 2400 ‚

163 2459 226 2523 170
247 2449 384 2516 Vincula
400 2460 473 2513 tune
491 2445 638 2510 manibus
659 2471 809 2536 suspenso
831 2451 972 2516 molliter
992 2453 1055 2519 ictu

245 2554 360 2641 Inligat
379 2564 409 2618 et
429 2551 544 2616 teneris
568 2551 723 2616 connectit
746 2552 873 2619 brachia
892 2556 1019 2643 palmis.

246 2657 413 2725 Excutitur
432 2679 548 2748 somno
568 2657 704 2722 Mavors
725 2669 757 2720 et
777 2660 908 2746 pulchra
929 2662 1081 2747 Cythcre.

246 2762 355 2826 Posset
376 2760 538 2823 Gradiuus
559 2759 683 2823 validos
705 2761 908 2850 disrumpere
928 2789 1041 2848 nexus,

248 2864 311 2928 Sed
331 2862 485 2927 retinebat
502 2859 628 2940 Amor,
654 2863 790 2928 Veneris
810 2889 851 2932 ne
873 2868 1000 2936 brachia
1019 2873 1152 2940 laedant.

168 2982 231 3045 175
252 2969 284 3031 T
287 2989 347 3032 une
367 2979 401 3032 tu
420 2967 483 3030 sub·
500 2967 603 3052 galea,
628 2979 701 3031 tuuc
721 2969 804 3032 inter
824 2974 885 3036 tela
906 2975 1036 3057 iacebas,

247 3076 349 3139 Saeve
370 3071 512 3158 Cupido,
533 3071 665 3148 timeus3
690 3083 749 3134 stat
767 3072 901 3137 Mavors
921 3077 1044 3142 lumine
1064 3093 1159 3145 torvo

247 3177 357 3263 Atque
376 3174 575 3260 indignatur,
596 3173 679 3259 quod
700 3173 740 3237 sit
762 3176 932 3264 deprensus
954 3183 1085 3251 adulter.

247 3282 295 3348 At
312 3277 431 3368 Paphie
453 3276 712 3354 eonversadolet
734 3303 800 3345 non
825 3282 961 3350 crimina
983 3286 1065 3371 faeti,

250 3386 331 3468 Sed,
355 3407 435 3471 quae
454 3383 494 3448 sit
513 3383 655 3447 vindicta
674 3383 751 3468 sibi,
771 3397 839 3449 tum
860 3388 984 3476 singula
1005 3396 1139 3460 volvens

165 3507 230 3569 180
252 3488 390 3576 Cogitat,
418 3502 449 3554 et
468 3511 606 3576 poenam
626 3488 733 3570 sentit,
766 3490 794 3554 si
815 3491 958 3564 Phoebus
980 3513 1117 3583 amaret,

248 3597 382 3679 Iamque
403 3593 493 3658 dolos
513 3585 703 3682 properans,
724 3594 890 3662 decorabat
910 3621 1027 3665 cornua
1047 3606 1138 3691 tauri,

250 3698 421 3787 Pasiphaae
442 3699 583 3780 crimen,
604 3696 758 3786 mixtique
779 3701 935 3788 cupidinis
956 3703 1051 3771 iram.
