2994 4828
579 252 716 360 ¹aa

202 449 247 504 aa·
263 447 353 502 olrere
368 444 435 516 eto]
454 443 613 498 Muncleros
633 444 668 508 sal
681 443 817 516 Hyginum
830 443 889 502 fab·
913 443 971 500 185.
993 443 1149 515 Wagnems·
1171 445 1242 503 alter

136 557 191 594 mort
200 537 315 611 samam
331 538 431 591 dixerit
446 535 503 605 ipse
514 536 593 604 prior
608 535 698 602 netgo.

204 645 249 698 29·
267 630 313 682 diu
325 623 476 692 volucrum]
494 623 541 675 diu
558 621 675 676 maltum
691 624 837 676 certamine
852 639 901 679 mt-
917 619 997 680 voss.

202 718 246 770 30.
264 717 365 770 Graiae
380 711 473 784 qaam]
489 713 623 783 gravidae
638 712 713 783 qued
726 729 775 766 ms.
791 710 871 770 Voss.

203 805 249 860 51.
266 803 369 876 inpias]
387 805 474 874 ipsias
490 819 538 855 ms.
554 799 636 855 Voss.

200 895 245 949 52.
260 892 347 961 Eleis]
364 891 463 948 amitis
479 907 528 944 ms.
545 886 626 940 Voss.

199 983 244 1038 34·
262 982 368 1035 inmitti
384 976 520 1048 expertae]
539 976 611 1030 scal.
626 972 721 1043 wega.
738 974 845 1030 inmitti
860 987 1019 1047 eaeepectaat
1033 979 1125 1045 volgo:

198 1072 242 1126 55.
260 1069 339 1123 caius
355 1079 384 1121 et
400 1066 432 1120 cb
444 1063 564 1135 raptam]
582 1082 635 1116 nors
652 1065 727 1116 ocius
742 1075 853 1134 raptum
860 1063 939 1135 polsi
952 1067 995 1117 ed.
1013 1063 1124 1121 Veneta.
1139 1085 1194 1120 non
1204 1069 1245 1124 ab
1314 1057 1317 1066 ’

131 1161 205 1214 aviis
221 1168 332 1228 raptum
347 1173 395 1208 ms.
412 1153 491 1208 Voss.
510 1155 553 1208 An
569 1153 711 1220 legendum
727 1171 781 1208 nen
798 1157 876 1208 cuias
892 1155 1052 1226 eb'frcptum
1067 1156 1112 1208 vel
1135 1170 1190 1208 nen
1206 1157 1240 1210 ob

131 1250 211 1300 cuius
227 1257 345 1315 raptum,
361 1245 398 1296 ita
414 1253 445 1298 ut
459 1245 538 1298 coisse
553 1243 761 1314 monosyllabum
782 1244 835 1298 sit?
857 1245 878 1297 i.
899 1263 925 1302 e.
945 1263 999 1299 non
1020 1245 1083 1312 illa,
1110 1243 1185 1296 cuius
1202 1245 1239 1298 ob

130 1335 299 1388 violationem
317 1343 369 1388 etc.
1269 1338 1279 1343 “

198 1422 241 1476 44.
260 1433 317 1474 tem
328 1419 440 1490 procul]
455 1420 549 1490 Wagn-
565 1439 615 1492 pro
631 1431 690 1476 toto
706 1439 785 1477 versu
801 1423 880 1476 alium
898 1421 1038 1488 desiderat,
1054 1429 1085 1474 nt
1102 1431 1160 1476 tam
1170 1439 1239 1492 pro-

130 1510 178 1565 cul
191 1509 284 1583 ignote
300 1509 372 1565 tetta
389 1513 458 1565 ciere
471 1509 584 1566 5019-
598 1515 668 1567 'Iam
679 1510 779 1586 procul
794 1521 908 1574 amotos,
926 1522 984 1564 tem
995 1509 1095 1582 procui
1105 1529 1125 1562 a
1136 1513 1237 1580 patria

128 1597 243 1671 Longius
260 1619 301 1669 ap.
318 1599 412 1670 Wagn.

194 1701 238 1755 45.
258 1703 315 1753 iam
331 1699 460 1773 frigora,
482 1697 602 1770 iamque]
623 1689 681 1750 iam
705 1697 799 1754 sidera
821 1700 930 1772 iamque
950 1699 1054 1754 calores
1080 1716 1131 1756 ms.
1155 1695 1237 1755 voest

129 1805 201 1844 nanc
210 1787 335 1862 frigora,
351 1808 475 1860 annoque
490 1790 594 1843 calores
609 1789 700 1856 vulgo.

193 1898 240 1954 46.
256 1893 520 1967 stertere]⁸stemere
536 1915 585 1950 ms.
602 1894 681 1952 Voss.
704 1895 751 1965 „id
774 1915 827 1951 non
849 1896 1024 1966 spernendum
1047 1897 1171 1967 sonasse,
1196 1898 1235 1954 it'e

126 1989 213 2040 sterni
236 1987 356 2038 absolute
381 2004 423 2054 ep.
440 1986 513 2038 Plio.
530 1985 615 2054 Epist.
638 1984 698 2042 VII.
716 2002 766 2051 27,
784 2003 811 2056 7.
828 1985 876 2038 uhi
896 1988 984 2056 coepit
1006 1989 1234 2059 advesperascere,

125 2074 203 2130 iubet
218 2077 333 2128 sterni
347 2074 429 2128 eibi'
418 2094 447 2128 m
458 2076 554 2146 prima
571 2077 665 2130 donem
676 2085 770 2146 parte·
772 2073 901 2143 “Wagn.
923 2074 964 2127 Ac
980 2078 1104 2145 profecto
1121 2087 1235 2130 stertere

125 2163 253 2235 aliquid
243 2163 327 2232 saepti
343 2163 443 2218 habere
460 2165 576 2218 videtur.

192 2273 237 2326 48.
260 2290 341 2344 saepe
362 2291 437 2326 mere
459 2271 594 2340 audendo]
617 2268 812 2340 Broukhusiue,
834 2269 1007 2329 Schrader.
997 2294 1024 2327 ιιι
1044 2272 1182 2328 Emendat.
1204 2289 1233 2344 9.

50 2393 56 2402 -
123 2363 168 2416 55.
185 2361 275 2430 volgo.
301 2379 381 2432 saepe
398 2363 523 2418 audente
543 2361 618 2414 mari
639 2378 687 2412 ms.
715 2359 795 2416 Voss.
828 2360 873 2441 De
894 2380 912 2414 e
933 2361 1105 2430 gerundiis·
1121 2361 1233 2419 Ramsh.

119 2451 186 2506 Lat.
205 2450 254 2505 Gr.
272 2469 301 2522 9.
321 2453 399 2507 ιο46.

189 2561 233 2617 50.
251 2580 306 2614 nen
322 2557 485 2629 meminisse]
509 2577 556 2614 ms.
572 2557 720 2612 Helmstad·
741 2576 796 2613 aon
812 2561 947 2615 monuisse
962 2579 1009 2614 ms.
1026 2560 1104 2615 Voss·
1128 2559 1177 2615 iaec
1191 2565 1230 2616 ti-

122 2654 221 2706 muisse
236 2653 327 2720 vulgo.
347 2651 426 2703 Conf.
445 2649 570 2717 Propert.
587 2648 611 2700 Ι.
632 2647 730 2713 12,16.
757 2651 909 2702 Communia
924 2667 973 2702 nec
990 2650 1141 2702 meminisse
1156 2652 1229 2705 deos.

190 2759 234 2811 51.
249 2757 439 2828 perituraque]
452 2757 579 2825 periuria
599 2772 648 2805 nse.
665 2753 744 2808 Voss.
759 2757 869 2826 periure
888 2775 937 2810 ms.
954 2759 1067 2812 Helmst.
1086 2759 1229 2830 peritura-

122 2865 174 2919 que
191 2845 289 2914 miliia,
304 2858 408 2916 gentes.
426 2844 459 2896 B.
475 2843 653 2912 periureeque
670 2841 769 2894 ultima
791 2846 883 2916 gentis
899 2845 1024 2897 Oudend.
1058 2845 1135 2898 Nunc
1151 2842 1231 2899 Mes-¹

122 2935 191 2988 salae
207 2931 287 2987 Afros
303 2932 376 2985 bello
393 2941 495 3002 petunt,
513 2931 587 2984 cuius
603 2929 689 2996 gentis
706 2929 789 2984 millia
804 2933 922 3000 peritura
939 2941 1006 2986 sunt.

191 3040 236 3110 59.
254 3058 305 3094 nes
322 3040 402 3110 ea]i.
421 3058 447 3093 e.
464 3058 513 3094 nos
532 3039 643 3092 carmina
658 3037 785 3092 Messalae
802 3044 930 3108 attingere
947 3041 1105 3094 conabimur.

189 3128 234 3182 61.
252 3133 278 3182 si
298 3129 439 3199 laudes]1'.
460 3147 484 3184 e.
502 3147 524 3180 ιι
516 3126 634 3179 laudes
651 3127 790 3182 carminum
805 3138 913 3182 tuorum
930 3129 1056 3182 aemuler.

252 3219 351 3278 humili
366 3219 406 3270 sit
421 3215 546 3287 aradi.
565 3233 590 3267 e.
608 3214 690 3268 liceat
705 3215 799 3270 humili
816 3217 925 3273 carmine
941 3217 1062 3271 laudibus
1077 3233 1120 3273 ιιιο
1133 3219 1227 3274 adiun-

14 3381 17 3388 .
121 3327 185 3378 gere
207 3307 333 3364 Messalae
356 3316 461 3378 poetae.
502 3306 562 3360 Nec
584 3305 662 3358 aliter
683 3307 825 3374 legendum
850 3306 954 3359 monuit
974 3305 1107 3360 Barthius.
1131 3310 1228 3365 humili

120 3400 186 3452 lieet
204 3410 270 3453 utar
290 3415 379 3456 areae
396 3393 522 3464 Wagner·
549 3394 700 3448 silendam
727 3397 913 3468 adspirerem,
929 3395 1040 3450 humilis
1060 3399 1120 3488 sealt
1131 3400 1227 3454 adire

120 3503 234 3557 cyrenas
250 3505 298 3540 ms.
316 3485 430 3539 Helmst.
449 3482 496 3552 [ln
514 3492 628 3537 context.
645 3486 707 3552 lege
724 3484 763 3536 sit
777 3502 827 3554 pro
843 3482 913 3552 secl]

282 3584 370 3638 Nosne
390 3597 434 3646 ea,
459 3597 528 3652 quoe
548 3587 630 3632 tecum
642 3577 783 3651 finxerant
800 3580 918 3636 camina
936 3579 1002 3636 Diei

365 3666 502 3736 Cynthiae,
525 3675 575 3720 etc.

281 3751 315 3808 δι’
335 3750 440 3806 laudem
459 3751 593 3822 adspirme
612 3749 706 3806 Ιιιιιιιίἱί
723 3749 785 3806 licet
803 3761 860 3808 arte
880 3755 1022 3820 eamme,

364 3837 397 3890 oi
411 3838 499 3908 patrio
521 3836 612 3890 Graios
628 3855 743 3910 proram
762 3838 798 3894 ab
816 3855 860 3894 ere
878 3837 948 3892 seles
1018 3823 1021 3831 ⁴

281 3922 441 3985 Postremum
464 3922 562 3994 optatis
580 3933 631 3978 etc.

120 4019 245 4078 Oudend·
262 4017 335 4075 Aet.
354 4023 387 4078 T.
404 4021 440 4076 11.
458 4041 485 4091 9.
503 4023 564 4092 723.

179 4174 183 4184 ,
281 4119 314 4172 si
332 4118 424 4172 tardes
444 4120 583 4190 adspirent,
607 4119 702 4175 tumtlt
720 4118 756 4173 sit
773 4119 846 4175 aiis
866 4111 1011 4174 Cmeaess

365 4206 415 4258 aas
430 4206 518 4278 pantio
539 4206 631 4262 oreos
651 4205 764 4262 carmine
782 4207 875 4267 isaim
893 4205 964 4260 saie-t

278 4292 501 4360 Postumum·
677 4337 680 4340 .

118 4382 192 4438 Med
210 4387 335 4445 Wakker.
353 4379 535 4448 Amoealitt.
553 4406 582 4464 9.
598 4409 641 4447 20.
722 4433 728 4444 .
