3000 4820
584 308 587 318 ·
689 274 758 343 111

257 460 424 548 Tempore
447 481 510 545 quo
530 481 665 548 penaces
688 460 775 525 circo
795 459 1055 548 subiuncximus,
1080 477 1171 554 atque

295 565 431 629 Scenam
452 563 567 652 euripo
590 565 762 630 extulimus
783 565 939 646 subitam,

169 679 190 740 5
255 668 302 735 Ut
321 671 414 735 ludos
437 691 611 756 currusque
632 671 730 735 simul
748 671 943 757 variumque
964 669 1107 740 serarum

295 777 468 842 Certamen
489 775 626 841 iunctim
647 775 754 839 Roma
774 786 894 839 teneret
915 763 1037 844 orans.⁸
1081 821 1086 834 ·

252 880 401 946 Ternum
423 880 541 969 quippe
564 876 651 943 solos
672 880 794 962 merui,
814 891 904 946 terna
924 884 1052 968 agmina
1073 883 1162 973 vulgi

210 1001 213 1008 ’
294 987 358 1052 Per
383 1009 494 1052 caveas
515 985 642 1074 plausus
664 983 855 1050 concinuere
875 1009 977 1061 meos.

254 1092 294 1157 In
316 1105 480 1178 quaestum
501 1088 606 1155 lamae
627 1109 737 1156 census
758 1090 877 1156 iactura
898 1092 1052 1158 cucurrit:

171 1209 211 1269 10
263 1199 266 1229 ³
293 1197 385 1262 Nam
404 1195 509 1273 laudis
527 1193 668 1260 fructum
688 1195 763 1260 talia
786 1195 903 1262 damna
923 1210 1042 1270 serunt.

258 1302 314 1368 Sic
334 1316 380 1368 tot
400 1311 601 1390 consumptas
621 1313 751 1366 servant
775 1303 950 1389 spectamla
970 1326 1071 1389 gazas,

293 1409 523 1493 Festorumque
542 1406 643 1472 trium
663 1420 831 1496 permanet
857 1433 920 1476 una
941 1409 1007 1474 dies

250 1513 479 1598 Asteriumque
499 1534 594 1576 suum
613 1513 716 1578 vivax
735 1513 922 1578 transmittit
945 1514 980 1579 in
1001 1537 1129 1598 aevum,

293 1618 360 1706 Qui
381 1630 484 1710 partas
504 1617 621 1686 trabeis
640 1629 708 1684 tam
728 1617 811 1683 bene
832 1618 928 1684 donat
948 1641 1035 1707 opes.

680 1809 764 1878 282·

635 1921 808 1990 Mavortii

591 2027 716 2082 iudicium
731 2027 842 2080 Paridis.

231 2149 335 2214 Pictus
357 2169 414 2212 acu
432 2142 551 2212 tunicas
573 2157 603 2210 et
623 2144 757 2210 barbara
776 2147 917 2232 tegmina
938 2169 1082 2230 crurum,

229 2255 325 2320 Forte
345 2251 525 2317 recensebat
541 2272 715 2315 numerum
736 2251 793 2316 sub
815 2254 956 2340 tegmine
977 2251 1058 2340 fagi:

228 2358 398 2427 Horrescit
417 2358 491 2423 visu
513 2355 633 2441 subito,
655 2371 685 2423 et
706 2358 918 2424 memorabile
937 2383 1061 2425 numen

229 2465 298 2533 Aut
316 2466 408 2531 videt
427 2477 479 2529 aut
498 2463 619 2564 vidisse
639 2476 738 2554 putet.
780 2465 855 2564 Quo
880 2464 1025 2546 tenditis,
1045 2463 1158 2550 inquit,

167 2583 188 2647 6
231 2572 411 2639 Caelicolae
432 2570 560 2658 magni,
587 2594 742 2660 pacemne
761 2571 825 2635 huc
845 2569 934 2636 fertis
952 2594 993 2636 an
1014 2565 1127 2637 arma?

228 2677 283 2743 Ad
305 2699 402 2763 quem
422 2690 497 2742 tunc
517 2679 599 2742 Iuno
620 2678 756 2765 supplex
774 2677 825 2742 his
847 2676 980 2743 vocibus
1001 2698 1057 2740 usa
1078 2687 1142 2740 est·

229 2784 261 2850 Ο
282 2784 340 2847 lux
361 2781 559 2888 Dardaniae,
590 2781 752 2848 Troianae
772 2781 875 2868 gloria
895 2781 1007 2868 gentis,

229 2889 338 2974 Quam
358 2886 448 2990 (lives
469 2881 611 2976 pecoris,
633 2886 724 2952 nivei
745 2913 841 2976 quam
865 2886 954 2952 lactis
973 2884 1149 2966 abuntlsns,

231 2995 273 3060 Et
292 2991 427 3081 proprio
449 2987 567 3055 fuerint
588 2987 741 3054 distentae
761 2995 841 3058 lacte
862 2991 1000 3079 capellae

167 3113 208 3176 10
230 3098 354 3178 Ubera,
375 3117 435 3159 nec
455 3105 556 3157 metas
578 3115 690 3158 rerum
709 3117 770 3159 nec
791 3107 936 3181 tempora
957 3114 1056 3179 pono

228 3205 316 3268 Haec
336 3199 395 3265 tibi
415 3221 544 3288 semper
564 3208 674 3282 erunt,
696 3196 781 3262 hic
771 3209 857 3263 mter
876 3195 1010 3262 flumina
1029 3205 1105 3263 nota

231 3311 351 3398 Sponte
371 3329 426 3370 sua
445 3305 573 3392 sandyx
593 3303 751 3393 pascentis
772 3302 885 3370 vestiet
906 3325 1013 3392 agnos.

228 3415 394 3481 Praeterea
414 3424 577 3500 sceptrum
596 3410 737 3495 dabitur,
762 3411 921 3496 Troiane,
952 3409 1039 3497 quod
1057 3420 1156 3497 optas.

228 3521 360 3586 Talibus
381 3519 490 3584 orabat
510 3518 603 3582 luno.
647 3517 797 3584 Tritonia
818 3519 920 3584 Pallas

167 3633 207 3700 15
230 3628 314 3693 Orsa
334 3627 442 3713 loqui,
464 3625 579 3690 nimbo
600 3621 753 3710 effirlgens
774 3635 806 3688 et
826 3623 981 3712 Gorgone
1001 3641 1111 3686 saera:

228 3728 343 3812 Disce,
368 3753 462 3816 puer,
484 3729 638 3796 virtutem
657 3753 698 3796 ex
719 3753 774 3795 me
791 3749 970 3814 verumque
989 3724 1147 3805 laborem,

229 3832 386 3899 Militiam
409 3848 439 3900 et
459 3857 558 3920 grave
579 3835 692 3902 Martis
715 3859 809 3925 opus:
831 3835 871 3900 sit
895 3844 1021 3920 pectore
1041 3829 1078 3896 in
1099 3831 1169 3914 istc,

227 3938 373 4004 Vulnera
396 3939 534 4026 dirigere
554 3953 585 4006 et
605 3942 742 4006 calamos
764 3963 891 4008 armare
910 3961 1049 4005 veneno.

229 4045 296 4110 Has
318 4044 404 4110 inter
425 4068 538 4130 voces,
559 4030 666 4114 media
686 4048 770 4113 inter
789 4047 863 4112 talia
884 4044 984 4110 verba

165 4161 209 4224 20
228 4151 281 4216 Sic
303 4162 413 4218 contra
433 4165 481 4218 est
503 4153 646 4240 ingressa
665 4153 794 4231 Venus,
819 4173 941 4217 numen
961 4154 1048 4218 male
1072 4149 1224 4229 amicum,

228 4254 324 4321 Nuda
345 4279 445 4344 genu,
466 4258 569 4326 nudos
591 4256 704 4323 cervix
725 4257 776 4322 cui
795 4258 893 4323 lactea
914 4257 1017 4324 crines

230 4363 373 4461 Corripit
393 4365 429 4432 in
446 4365 590 4452 nodum,
619 4385 713 4431 rosea
734 4364 861 4430 cervice
881 4363 1007 4430 refulsit
