<?xml version="1.0" encoding="UTF-8"?>
<!DOCTYPE html PUBLIC "-//W3C//DTD XHTML 1.0 Transitional//EN"
    "http://www.w3.org/TR/xhtml1/DTD/xhtml1-transitional.dtd">
<html xmlns="http://www.w3.org/1999/xhtml" xml:lang="en" lang="en">
 <head>
  <title>
</title>
<meta http-equiv="Content-Type" content="text/html;charset=utf-8" />
  <meta name='ocr-system' content='tesseract 3.04.00' />
  <meta name='ocr-capabilities' content='ocr_page ocr_carea ocr_par ocr_line ocrx_word'/>
</head>
<body>
  <div class='ocr_page' id='page_1' title='image "./anthologiaveter00burmgoog_0087.png"; bbox 0 0 2992 4826; ppageno 0'>
   <div class='ocr_carea' id='block_1_1' title="bbox 771 275 824 346">
    <p class='ocr_par' dir='ltr' id='par_1_1' title="bbox 771 275 824 346">
     <span class='ocr_line' id='line_1_1' title="bbox 771 275 824 346; baseline 0 0"><span class='ocrx_word' id='word_1_1' title='bbox 771 275 824 346; x_wconf 65' lang='lat'><strong>*22</strong></span> 
     </span>
    </p>
   </div>
   <div class='ocr_carea' id='block_1_2' title="bbox 248 445 1247 874">
    <p class='ocr_par' dir='ltr' id='par_1_2' title="bbox 248 445 1247 874">
     <span class='ocr_line' id='line_1_2' title="bbox 248 445 1247 557; baseline -0.008 -22"><span class='ocrx_word' id='word_1_2' title='bbox 248 481 269 545; x_wconf 86' lang='lat'>5</span> <span class='ocrx_word' id='word_1_3' title='bbox 333 469 456 557; x_wconf 75' lang='lat' dir='ltr'><strong>Scripta</strong></span> <span class='ocrx_word' id='word_1_4' title='bbox 475 462 605 552; x_wconf 88' lang='lat' dir='ltr'><strong>quidem</strong></span> <span class='ocrx_word' id='word_1_5' title='bbox 626 473 677 528; x_wconf 80' lang='lat' dir='ltr'><strong>tua</strong></span> <span class='ocrx_word' id='word_1_6' title='bbox 696 485 756 528; x_wconf 88' lang='lat' dir='ltr'><strong>nos</strong></span> <span class='ocrx_word' id='word_1_7' title='bbox 778 461 925 552; x_wconf 80' lang='lat' dir='ltr'><strong>multum</strong></span> <span class='ocrx_word' id='word_1_8' title='bbox 938 445 1147 546; x_wconf 69' lang='lat' dir='ltr'><strong>mirabimtti,</strong></span> <span class='ocrx_word' id='word_1_9' title='bbox 1168 474 1198 530; x_wconf 73' lang='lat' dir='ltr'><strong>el</strong></span> <span class='ocrx_word' id='word_1_10' title='bbox 1216 475 1247 530; x_wconf 86' lang='lat' dir='ltr'><strong>te</strong></span> 
     </span>
     <span class='ocr_line' id='line_1_3' title="bbox 370 564 1134 659; baseline -0.003 -21"><span class='ocrx_word' id='word_1_11' title='bbox 370 575 510 659; x_wconf 87' lang='lat' dir='ltr'><strong>Raptum</strong></span> <span class='ocrx_word' id='word_1_12' title='bbox 532 582 562 635; x_wconf 88' lang='lat' dir='ltr'><strong>et</strong></span> <span class='ocrx_word' id='word_1_13' title='bbox 580 569 766 634; x_wconf 81' lang='lat' dir='ltr'><strong>Romanam</strong></span> <span class='ocrx_word' id='word_1_14' title='bbox 785 564 934 632; x_wconf 88' lang='lat' dir='ltr'><strong>flebimus</strong></span> <span class='ocrx_word' id='word_1_15' title='bbox 955 567 1134 636; x_wconf 84' lang='lat' dir='ltr'><strong>historiam.</strong></span> 
     </span>
     <span class='ocr_line' id='line_1_4' title="bbox 332 671 1126 758; baseline -0.009 -12"><span class='ocrx_word' id='word_1_16' title='bbox 332 677 395 746; x_wconf 85' lang='lat' dir='ltr'><strong>sed</strong></span> <span class='ocrx_word' id='word_1_17' title='bbox 415 689 450 741; x_wconf 89' lang='lat' dir='ltr'><strong>tu</strong></span> <span class='ocrx_word' id='word_1_18' title='bbox 469 678 575 742; x_wconf 90' lang='lat' dir='ltr'><strong>nullus</strong></span> <span class='ocrx_word' id='word_1_19' title='bbox 597 676 671 742; x_wconf 84' lang='lat' dir='ltr'><strong>eris.</strong></span> <span class='ocrx_word' id='word_1_20' title='bbox 716 672 867 739; x_wconf 86' lang='lat' dir='ltr'><strong>Perversi</strong></span> <span class='ocrx_word' id='word_1_21' title='bbox 888 671 983 738; x_wconf 82' lang='lat' dir='ltr'><strong>dicite</strong></span> <span class='ocrx_word' id='word_1_22' title='bbox 1004 695 1126 758; x_wconf 82' lang='lat' dir='ltr'><strong>manes,</strong></span> 
     </span>
     <span class='ocr_line' id='line_1_5' title="bbox 370 772 1126 874; baseline 0 -27"><span class='ocrx_word' id='word_1_23' title='bbox 370 781 467 848; x_wconf 86' lang='lat' dir='ltr'><strong>Hunc</strong></span> <span class='ocrx_word' id='word_1_24' title='bbox 485 803 648 874; x_wconf 85' lang='lat' dir='ltr'><strong>superesse</strong></span> <span class='ocrx_word' id='word_1_25' title='bbox 668 777 770 870; x_wconf 85' lang='lat' dir='ltr'><strong>patri,</strong></span> <span class='ocrx_word' id='word_1_26' title='bbox 797 797 878 865; x_wconf 78' lang='lat' dir='ltr'><strong>quae</strong></span> <span class='ocrx_word' id='word_1_27' title='bbox 899 772 959 845; x_wconf 80' lang='lat' dir='ltr'><strong>fuit</strong></span> <span class='ocrx_word' id='word_1_28' title='bbox 979 777 1126 847; x_wconf 79' lang='lat' dir='ltr'><em>invidia?</em></span> 
     </span>
    </p>
   </div>
   <div class='ocr_carea' id='block_1_3' title="bbox 519 946 1060 1143">
    <p class='ocr_par' dir='ltr' id='par_1_3' title="bbox 519 946 1060 1143">
     <span class='ocr_line' id='line_1_6' title="bbox 519 946 1060 1143; baseline -0.007 -19"><span class='ocrx_word' id='word_1_29' title='bbox 519 1001 520 1006; x_wconf 8' lang='grc' dir='ltr'>γ</span> <span class='ocrx_word' id='word_1_30' title='bbox 596 946 1001 1143; x_wconf 64' lang='lat' dir='ltr'><strong>P.Virgiliit1aronia</strong></span> <span class='ocrx_word' id='word_1_31' title='bbox 1056 1116 1060 1127; x_wconf 74' lang='grc'>,</span> 
     </span>
    </p>
   </div>
   <div class='ocr_carea' id='block_1_4' title="bbox 696 1159 900 1227">
    <p class='ocr_par' dir='ltr' id='par_1_4' title="bbox 696 1159 900 1227">
     <span class='ocr_line' id='line_1_7' title="bbox 696 1159 900 1227; baseline 0.005 -13"><span class='ocrx_word' id='word_1_32' title='bbox 696 1159 723 1214; x_wconf 85' lang='lat' dir='ltr'><em>in</em></span> <span class='ocrx_word' id='word_1_33' title='bbox 745 1159 900 1227; x_wconf 77' lang='lat' dir='ltr'><strong>Augustum.</strong></span> 
     </span>
    </p>
   </div>
   <div class='ocr_carea' id='block_1_5' title="bbox 326 1259 1223 1454">
    <p class='ocr_par' dir='ltr' id='par_1_5' title="bbox 326 1259 1223 1454">
     <span class='ocr_line' id='line_1_8' title="bbox 326 1259 1090 1349; baseline -0.003 -23"><span class='ocrx_word' id='word_1_34' title='bbox 326 1261 430 1326; x_wconf 80' lang='lat' dir='ltr'>Nocte</span> <span class='ocrx_word' id='word_1_35' title='bbox 450 1260 531 1349; x_wconf 90' lang='lat' dir='ltr'><strong>pluit</strong></span> <span class='ocrx_word' id='word_1_36' title='bbox 549 1272 629 1345; x_wconf 84' lang='lat' dir='ltr'><strong>tota,</strong></span> <span class='ocrx_word' id='word_1_37' title='bbox 649 1259 788 1326; x_wconf 85' lang='lat' dir='ltr'><strong>redeunt</strong></span> <span class='ocrx_word' id='word_1_38' title='bbox 805 1270 836 1324; x_wconf 86' lang='lat' dir='ltr'><strong>at</strong></span> <span class='ocrx_word' id='word_1_39' title='bbox 854 1279 951 1322; x_wconf 87' lang='lat' dir='ltr'><strong>mane</strong></span> <span class='ocrx_word' id='word_1_40' title='bbox 969 1280 1090 1324; x_wconf 83' lang='lat' dir='ltr'><strong>serena.</strong></span> 
     </span>
     <span class='ocr_line' id='line_1_9' title="bbox 368 1360 1223 1454; baseline -0.004 -24"><span class='ocrx_word' id='word_1_41' title='bbox 368 1363 523 1430; x_wconf 86' lang='lat' dir='ltr'><strong>Divisum</strong></span> <span class='ocrx_word' id='word_1_42' title='bbox 543 1363 721 1454; x_wconf 86' lang='lat' dir='ltr'><strong>imperium</strong></span> <span class='ocrx_word' id='word_1_43' title='bbox 741 1386 817 1430; x_wconf 87' lang='lat' dir='ltr'><strong>oum</strong></span> <span class='ocrx_word' id='word_1_44' title='bbox 834 1363 931 1448; x_wconf 81' lang='lat' dir='ltr'><strong>Ioue,</strong></span> <span class='ocrx_word' id='word_1_45' title='bbox 957 1363 1091 1448; x_wconf 65' lang='lat' dir='ltr'><strong>Caesar,</strong></span> <span class='ocrx_word' id='word_1_46' title='bbox 1117 1360 1223 1428; x_wconf 79' lang='lat' dir='ltr'><strong>habea.</strong></span> 
     </span>
    </p>
   </div>
   <div class='ocr_carea' id='block_1_6' title="bbox 170 1639 1137 2352">
    <p class='ocr_par' dir='ltr' id='par_1_6' title="bbox 170 1639 1137 2352">
     <span class='ocr_line' id='line_1_10' title="bbox 595 1639 1006 1732; baseline -0.012 -20"><span class='ocrx_word' id='word_1_47' title='bbox 595 1643 640 1712; x_wconf 80' lang='lat' dir='ltr'><strong>P.</strong></span> <span class='ocrx_word' id='word_1_48' title='bbox 670 1641 826 1732; x_wconf 82' lang='lat' dir='ltr'><em>Virgilii</em></span> <span class='ocrx_word' id='word_1_49' title='bbox 846 1639 1006 1710; x_wconf 79' lang='lat' dir='ltr'><strong>Maronis</strong></span> 
     </span>
     <span class='ocr_line' id='line_1_11' title="bbox 170 1749 962 1822; baseline -0.008 -18"><span class='ocrx_word' id='word_1_50' title='bbox 170 1767 204 1787; x_wconf 58' lang='lat'><strong>*·</strong></span> <span class='ocrx_word' id='word_1_51' title='bbox 466 1758 469 1768; x_wconf 95' lang='lat'>&#39;</span> <span class='ocrx_word' id='word_1_52' title='bbox 631 1749 659 1802; x_wconf 85' lang='lat' dir='ltr'><em>in</em></span> <span class='ocrx_word' id='word_1_53' title='bbox 675 1751 828 1822; x_wconf 81' lang='lat' dir='ltr'><strong>Bathyllum</strong></span> <span class='ocrx_word' id='word_1_54' title='bbox 844 1759 962 1820; x_wconf 77' lang='lat' dir='ltr'><strong>poetam.</strong></span> 
     </span>
     <span class='ocr_line' id='line_1_12' title="bbox 274 1845 1137 1934; baseline -0.003 -20"><span class='ocrx_word' id='word_1_55' title='bbox 274 1894 276 1899; x_wconf 36' lang='lat' dir='ltr'>s</span> <span class='ocrx_word' id='word_1_56' title='bbox 327 1845 398 1914; x_wconf 84' lang='lat' dir='ltr'><strong>Hos</strong></span> <span class='ocrx_word' id='word_1_57' title='bbox 419 1869 478 1934; x_wconf 86' lang='lat' dir='ltr'><strong>ego</strong></span> <span class='ocrx_word' id='word_1_58' title='bbox 499 1845 675 1913; x_wconf 83' lang='lat' dir='ltr'><strong>versiculos</strong></span> <span class='ocrx_word' id='word_1_59' title='bbox 696 1847 775 1933; x_wconf 84' lang='lat' dir='ltr'><strong>feci,</strong></span> <span class='ocrx_word' id='word_1_60' title='bbox 802 1849 875 1915; x_wconf 86' lang='lat' dir='ltr'><strong>tulit</strong></span> <span class='ocrx_word' id='word_1_61' title='bbox 891 1847 968 1914; x_wconf 84' lang='lat' dir='ltr'><strong>alter</strong></span> <span class='ocrx_word' id='word_1_62' title='bbox 988 1845 1137 1914; x_wconf 76' lang='lat' dir='ltr'><strong>honores.</strong></span> 
     </span>
     <span class='ocr_line' id='line_1_13' title="bbox 370 1949 1005 2034; baseline 0.009 -20"><span class='ocrx_word' id='word_1_63' title='bbox 370 1949 425 2014; x_wconf 89' lang='lat' dir='ltr'><strong>Sic</strong></span> <span class='ocrx_word' id='word_1_64' title='bbox 445 1976 504 2017; x_wconf 85' lang='lat' dir='ltr'><strong>vos</strong></span> <span class='ocrx_word' id='word_1_65' title='bbox 525 1977 593 2017; x_wconf 90' lang='lat' dir='ltr'><strong>non</strong></span> <span class='ocrx_word' id='word_1_66' title='bbox 613 1953 706 2034; x_wconf 79' lang='lat' dir='ltr'><strong>vobis</strong></span> <span class='ocrx_word' id='word_1_67' title='bbox 727 1952 898 2020; x_wconf 84' lang='lat' dir='ltr'><strong>nidificatis</strong></span> <span class='ocrx_word' id='word_1_68' title='bbox 919 1975 1005 2020; x_wconf 84' lang='lat' dir='ltr'><strong>aves.</strong></span> 
     </span>
     <span class='ocr_line' id='line_1_14' title="bbox 372 2053 1064 2126; baseline 0.012 -9"><span class='ocrx_word' id='word_1_69' title='bbox 372 2053 426 2118; x_wconf 86' lang='lat' dir='ltr'><strong>sic</strong></span> <span class='ocrx_word' id='word_1_70' title='bbox 445 2077 506 2120; x_wconf 80' lang='lat' dir='ltr'><strong>vos</strong></span> <span class='ocrx_word' id='word_1_71' title='bbox 527 2079 593 2122; x_wconf 89' lang='lat' dir='ltr'><strong>non</strong></span> <span class='ocrx_word' id='word_1_72' title='bbox 614 2056 707 2121; x_wconf 87' lang='lat' dir='ltr'><strong>vobis</strong></span> <span class='ocrx_word' id='word_1_73' title='bbox 729 2061 852 2125; x_wconf 83' lang='lat' dir='ltr'><strong>vellera</strong></span> <span class='ocrx_word' id='word_1_74' title='bbox 873 2059 963 2126; x_wconf 85' lang='lat' dir='ltr'><strong>sertis</strong></span> <span class='ocrx_word' id='word_1_75' title='bbox 976 2081 1064 2125; x_wconf 84' lang='lat' dir='ltr'><strong>oves.</strong></span> 
     </span>
     <span class='ocr_line' id='line_1_15' title="bbox 368 2159 1099 2250; baseline 0.007 -28"><span class='ocrx_word' id='word_1_76' title='bbox 368 2159 424 2222; x_wconf 91' lang='lat' dir='ltr'><strong>Sic</strong></span> <span class='ocrx_word' id='word_1_77' title='bbox 443 2181 504 2223; x_wconf 89' lang='lat' dir='ltr'><strong>vos</strong></span> <span class='ocrx_word' id='word_1_78' title='bbox 525 2183 593 2226; x_wconf 87' lang='lat' dir='ltr'><strong>non</strong></span> <span class='ocrx_word' id='word_1_79' title='bbox 611 2160 706 2224; x_wconf 83' lang='lat' dir='ltr'><strong>vobis</strong></span> <span class='ocrx_word' id='word_1_80' title='bbox 726 2162 918 2228; x_wconf 78' lang='lat' dir='ltr'><strong>mellificatis</strong></span> <span class='ocrx_word' id='word_1_81' title='bbox 940 2185 1025 2250; x_wconf 79' lang='lat' dir='ltr'><strong>apos.</strong></span> <span class='ocrx_word' id='word_1_82' title='bbox 1095 2215 1099 2236; x_wconf 86' lang='grc'>,</span> 
     </span>
     <span class='ocr_line' id='line_1_16' title="bbox 258 2262 1071 2352; baseline 0.006 -26"><span class='ocrx_word' id='word_1_83' title='bbox 258 2347 261 2352; x_wconf 24' lang='grc'>1</span> <span class='ocrx_word' id='word_1_84' title='bbox 370 2262 424 2329; x_wconf 88' lang='lat' dir='ltr'><strong>Sic</strong></span> <span class='ocrx_word' id='word_1_85' title='bbox 444 2285 503 2328; x_wconf 84' lang='lat' dir='ltr'><strong>vos</strong></span> <span class='ocrx_word' id='word_1_86' title='bbox 524 2286 591 2330; x_wconf 86' lang='lat' dir='ltr'><strong>non</strong></span> <span class='ocrx_word' id='word_1_87' title='bbox 612 2265 706 2330; x_wconf 88' lang='lat' dir='ltr'><strong>vobis</strong></span> <span class='ocrx_word' id='word_1_88' title='bbox 728 2263 817 2331; x_wconf 82' lang='lat' dir='ltr'><strong>sertis</strong></span> <span class='ocrx_word' id='word_1_89' title='bbox 837 2278 940 2332; x_wconf 85' lang='lat' dir='ltr'><strong>aratra</strong></span> <span class='ocrx_word' id='word_1_90' title='bbox 960 2266 1071 2333; x_wconf 85' lang='lat' dir='ltr'><strong>boves.</strong></span> 
     </span>
    </p>
   </div>
   <div class='ocr_carea' id='block_1_7' title="bbox 401 2539 1188 3044">
    <p class='ocr_par' dir='ltr' id='par_1_7' title="bbox 593 2539 997 2632">
     <span class='ocr_line' id='line_1_17' title="bbox 593 2539 997 2632; baseline -0.002 -24"><span class='ocrx_word' id='word_1_91' title='bbox 593 2539 637 2608; x_wconf 90' lang='lat' dir='ltr'><strong>P.</strong></span> <span class='ocrx_word' id='word_1_92' title='bbox 663 2540 819 2632; x_wconf 83' lang='lat' dir='ltr'><em>Virgilii</em></span> <span class='ocrx_word' id='word_1_93' title='bbox 838 2540 997 2611; x_wconf 82' lang='lat' dir='ltr'><strong>Maronis</strong></span> 
     </span>
    </p>

    <p class='ocr_par' dir='ltr' id='par_1_8' title="bbox 401 2647 1188 3044">
     <span class='ocr_line' id='line_1_18' title="bbox 607 2647 983 2704; baseline 0 -6"><span class='ocrx_word' id='word_1_94' title='bbox 607 2647 635 2700; x_wconf 89' lang='lat' dir='ltr'><em>in</em></span> <span class='ocrx_word' id='word_1_95' title='bbox 653 2647 686 2702; x_wconf 85' lang='lat' dir='ltr'><strong>C·</strong></span> <span class='ocrx_word' id='word_1_96' title='bbox 702 2649 816 2704; x_wconf 82' lang='lat' dir='ltr'><strong>Annium</strong></span> <span class='ocrx_word' id='word_1_97' title='bbox 839 2650 983 2703; x_wconf 86' lang='lat' dir='ltr'><strong>Cimbrum.</strong></span> 
     </span>
     <span class='ocr_line' id='line_1_19' title="bbox 404 2744 1083 2829; baseline 0 -18"><span class='ocrx_word' id='word_1_98' title='bbox 404 2744 649 2812; x_wconf 82' lang='lat' dir='ltr'><strong>Corinthiorum</strong></span> <span class='ocrx_word' id='word_1_99' title='bbox 671 2761 794 2814; x_wconf 87' lang='lat' dir='ltr'><strong>amator</strong></span> <span class='ocrx_word' id='word_1_100' title='bbox 809 2748 873 2818; x_wconf 75' lang='lat' dir='ltr'><strong>iste</strong></span> <span class='ocrx_word' id='word_1_101' title='bbox 893 2747 1083 2829; x_wconf 87' lang='lat' dir='ltr'><strong>verborum,</strong></span> 
     </span>
     <span class='ocr_line' id='line_1_20' title="bbox 401 2849 1081 2939; baseline 0.004 -25"><span class='ocrx_word' id='word_1_102' title='bbox 401 2849 612 2939; x_wconf 81' lang='lat' dir='ltr'><strong>Thucydides</strong></span> <span class='ocrx_word' id='word_1_103' title='bbox 632 2853 819 2939; x_wconf 87' lang='lat' dir='ltr'><strong>Britannus,</strong></span> <span class='ocrx_word' id='word_1_104' title='bbox 839 2852 947 2921; x_wconf 80' lang='lat' dir='ltr'><strong>Attice</strong></span> <span class='ocrx_word' id='word_1_105' title='bbox 970 2850 1081 2934; x_wconf 84' lang='lat' dir='ltr'><strong>febris,</strong></span> 
     </span>
     <span class='ocr_line' id='line_1_21' title="bbox 403 2945 1188 3044; baseline -0.001 -23"><span class='ocrx_word' id='word_1_106' title='bbox 403 2956 475 3022; x_wconf 89' lang='lat' dir='ltr'><strong>Tau</strong></span> <span class='ocrx_word' id='word_1_107' title='bbox 496 2957 677 3042; x_wconf 88' lang='lat' dir='ltr'><strong>Gallicum,</strong></span> <span class='ocrx_word' id='word_1_108' title='bbox 698 2959 786 3044; x_wconf 88' lang='lat' dir='ltr'><strong>min,</strong></span> <span class='ocrx_word' id='word_1_109' title='bbox 808 2959 855 3044; x_wconf 85' lang='lat' dir='ltr'><strong>al,</strong></span> <span class='ocrx_word' id='word_1_110' title='bbox 875 2945 916 3025; x_wconf 89' lang='lat' dir='ltr'><strong>sil</strong></span> <span class='ocrx_word' id='word_1_111' title='bbox 934 2970 970 3024; x_wconf 88' lang='lat' dir='ltr'><strong>ut</strong></span> <span class='ocrx_word' id='word_1_112' title='bbox 988 2957 1075 3022; x_wconf 88' lang='lat' dir='ltr'><strong>male</strong></span> <span class='ocrx_word' id='word_1_113' title='bbox 1096 2953 1188 3039; x_wconf 84' lang='lat' dir='ltr'><strong>elisit,</strong></span> 
     </span>
    </p>
   </div>
   <div class='ocr_carea' id='block_1_8' title="bbox 402 3061 1050 3132">
    <p class='ocr_par' dir='ltr' id='par_1_9' title="bbox 402 3061 1050 3132">
     <span class='ocr_line' id='line_1_22' title="bbox 402 3061 1050 3132; baseline 0.006 -6"><span class='ocrx_word' id='word_1_114' title='bbox 402 3062 448 3127; x_wconf 79' lang='lat' dir='ltr'><strong>Ita</strong></span> <span class='ocrx_word' id='word_1_115' title='bbox 466 3063 577 3130; x_wconf 85' lang='lat' dir='ltr'><strong>omnia</strong></span> <span class='ocrx_word' id='word_1_116' title='bbox 596 3063 656 3132; x_wconf 88' lang='lat' dir='ltr'><strong>ista</strong></span> <span class='ocrx_word' id='word_1_117' title='bbox 675 3064 776 3132; x_wconf 84' lang='lat' dir='ltr'><strong>verba</strong></span> <span class='ocrx_word' id='word_1_118' title='bbox 796 3064 926 3131; x_wconf 84' lang='lat' dir='ltr'><strong>miscuit</strong></span> <span class='ocrx_word' id='word_1_119' title='bbox 945 3061 1050 3130; x_wconf 81' lang='lat' dir='ltr'><strong>tran-i.</strong></span> 
     </span>
    </p>
   </div>
   <div class='ocr_carea' id='block_1_9' title="bbox 156 3337 1125 4508">
    <p class='ocr_par' dir='ltr' id='par_1_10' title="bbox 275 3337 1125 3872">
     <span class='ocr_line' id='line_1_23' title="bbox 584 3337 1002 3428; baseline -0.012 -19"><span class='ocrx_word' id='word_1_120' title='bbox 584 3341 631 3409; x_wconf 86' lang='lat' dir='ltr'><strong>P.</strong></span> <span class='ocrx_word' id='word_1_121' title='bbox 658 3337 814 3428; x_wconf 82' lang='lat' dir='ltr'><em>Virgilii</em></span> <span class='ocrx_word' id='word_1_122' title='bbox 832 3339 1002 3408; x_wconf 81' lang='lat' dir='ltr'><strong>Maronis.</strong></span> 
     </span>
     <span class='ocr_line' id='line_1_24' title="bbox 323 3463 1094 3554; baseline 0.001 -26"><span class='ocrx_word' id='word_1_123' title='bbox 323 3464 370 3529; x_wconf 90' lang='lat' dir='ltr'><strong>Ite</strong></span> <span class='ocrx_word' id='word_1_124' title='bbox 391 3463 485 3549; x_wconf 89' lang='lat' dir='ltr'><strong>hinc,</strong></span> <span class='ocrx_word' id='word_1_125' title='bbox 506 3467 634 3552; x_wconf 85' lang='lat' dir='ltr'><strong>inanes,</strong></span> <span class='ocrx_word' id='word_1_126' title='bbox 656 3466 716 3549; x_wconf 81' lang='lat' dir='ltr'><strong>ite,</strong></span> <span class='ocrx_word' id='word_1_127' title='bbox 736 3464 905 3531; x_wconf 82' lang='lat' dir='ltr'><strong>rhetorum</strong></span> <span class='ocrx_word' id='word_1_128' title='bbox 925 3463 1094 3554; x_wconf 83' lang='lat' dir='ltr'><strong>ampullae,</strong></span> 
     </span>
     <span class='ocr_line' id='line_1_25' title="bbox 275 3557 919 3655; baseline 0.003 -23"><span class='ocrx_word' id='word_1_129' title='bbox 275 3557 277 3562; x_wconf 52' lang='grc'>’</span> <span class='ocrx_word' id='word_1_130' title='bbox 323 3568 435 3636; x_wconf 78' lang='lat' dir='ltr'><strong>inflata</strong></span> <span class='ocrx_word' id='word_1_131' title='bbox 455 3593 532 3638; x_wconf 84' lang='lat' dir='ltr'><strong>rore</strong></span> <span class='ocrx_word' id='word_1_132' title='bbox 550 3596 619 3638; x_wconf 88' lang='lat' dir='ltr'><strong>non</strong></span> <span class='ocrx_word' id='word_1_133' title='bbox 640 3569 785 3639; x_wconf 83' lang='lat' dir='ltr'><strong>Achaico</strong></span> <span class='ocrx_word' id='word_1_134' title='bbox 809 3569 919 3655; x_wconf 78' lang='lat' dir='ltr'><strong>verba,</strong></span> 
     </span>
     <span class='ocr_line' id='line_1_26' title="bbox 323 3671 1125 3764; baseline 0.001 -27"><span class='ocrx_word' id='word_1_135' title='bbox 323 3672 366 3737; x_wconf 82' lang='lat' dir='ltr'><strong>Et</strong></span> <span class='ocrx_word' id='word_1_136' title='bbox 385 3697 463 3760; x_wconf 88' lang='lat' dir='ltr'><strong>vos,</strong></span> <span class='ocrx_word' id='word_1_137' title='bbox 492 3677 558 3743; x_wconf 84' lang='lat' dir='ltr'><em>Sile</em></span> <span class='ocrx_word' id='word_1_138' title='bbox 579 3676 709 3759; x_wconf 85' lang='lat' dir='ltr'><strong>Albuti,</strong></span> <span class='ocrx_word' id='word_1_139' title='bbox 731 3676 924 3764; x_wconf 84' lang='lat' dir='ltr'><strong>Arquitique</strong></span> <span class='ocrx_word' id='word_1_140' title='bbox 944 3671 1125 3762; x_wconf 69' lang='lat' dir='ltr'><strong>Van-oque,</strong></span> 
     </span>
     <span class='ocr_line' id='line_1_27' title="bbox 325 3778 998 3872; baseline 0.009 -31"><span class='ocrx_word' id='word_1_141' title='bbox 325 3778 592 3848; x_wconf 79' lang='lat' dir='ltr'><strong>Scholastiootum</strong></span> <span class='ocrx_word' id='word_1_142' title='bbox 614 3782 701 3848; x_wconf 86' lang='lat' dir='ltr'><strong>natio</strong></span> <span class='ocrx_word' id='word_1_143' title='bbox 721 3784 854 3849; x_wconf 86' lang='lat' dir='ltr'><strong>madens</strong></span> <span class='ocrx_word' id='word_1_144' title='bbox 875 3781 998 3872; x_wconf 87' lang='lat' dir='ltr'><strong>pingui,</strong></span> 
     </span>
    </p>

    <p class='ocr_par' dir='ltr' id='par_1_11' title="bbox 241 3871 1104 4186">
     <span class='ocr_line' id='line_1_28' title="bbox 241 3871 1015 3978; baseline 0.006 -30"><span class='ocrx_word' id='word_1_145' title='bbox 241 3893 262 3956; x_wconf 85' lang='lat'><strong><em>5</em></strong></span> <span class='ocrx_word' id='word_1_146' title='bbox 324 3885 372 3950; x_wconf 85' lang='lat' dir='ltr'><strong>Ite</strong></span> <span class='ocrx_word' id='word_1_147' title='bbox 390 3885 484 3971; x_wconf 87' lang='lat' dir='ltr'><strong>hinc,</strong></span> <span class='ocrx_word' id='word_1_148' title='bbox 511 3887 615 3954; x_wconf 88' lang='lat' dir='ltr'><strong>inanis</strong></span> <span class='ocrx_word' id='word_1_149' title='bbox 637 3889 815 3978; x_wconf 85' lang='lat' dir='ltr'><strong>cymbalon</strong></span> <span class='ocrx_word' id='word_1_150' title='bbox 835 3871 1015 3955; x_wconf 74' lang='lat' dir='ltr'><strong>iuventuiis.</strong></span> 
     </span>
     <span class='ocr_line' id='line_1_29' title="bbox 324 3981 1104 4080; baseline 0.005 -25"><span class='ocrx_word' id='word_1_151' title='bbox 324 3981 454 4078; x_wconf 83' lang='lat' dir='ltr'><strong>Tuque,</strong></span> <span class='ocrx_word' id='word_1_152' title='bbox 475 4015 495 4057; x_wconf 91' lang='lat' dir='ltr'><strong>o</strong></span> <span class='ocrx_word' id='word_1_153' title='bbox 515 4015 665 4060; x_wconf 87' lang='lat' dir='ltr'><strong>mearum</strong></span> <span class='ocrx_word' id='word_1_154' title='bbox 686 4019 778 4080; x_wconf 90' lang='lat' dir='ltr'><strong>cura,</strong></span> <span class='ocrx_word' id='word_1_155' title='bbox 801 3995 912 4076; x_wconf 85' lang='lat' dir='ltr'><strong>Sexte,</strong></span> <span class='ocrx_word' id='word_1_156' title='bbox 940 4015 1104 4080; x_wconf 72' lang='lat' dir='ltr'><strong>mirarum,</strong></span> 
     </span>
     <span class='ocr_line' id='line_1_30' title="bbox 323 4093 964 4186; baseline 0.008 -26"><span class='ocrx_word' id='word_1_157' title='bbox 323 4093 421 4182; x_wconf 83' lang='lat' dir='ltr'><strong>Vale,</strong></span> <span class='ocrx_word' id='word_1_158' title='bbox 444 4097 578 4186; x_wconf 64' lang='lat' dir='ltr'><strong>Sabinos</strong></span> <span class='ocrx_word' id='word_1_159' title='bbox 602 4101 670 4166; x_wconf 86' lang='lat' dir='ltr'><strong>iam</strong></span> <span class='ocrx_word' id='word_1_160' title='bbox 690 4103 794 4168; x_wconf 79' lang='lat' dir='ltr'><strong>valete</strong></span> <span class='ocrx_word' id='word_1_161' title='bbox 815 4097 964 4168; x_wconf 85' lang='lat' dir='ltr'><strong>formosi.</strong></span> 
     </span>
    </p>

    <p class='ocr_par' dir='ltr' id='par_1_12' title="bbox 156 4199 1001 4401">
     <span class='ocr_line' id='line_1_31' title="bbox 324 4199 1001 4294; baseline -0.001 -22"><span class='ocrx_word' id='word_1_162' title='bbox 324 4199 397 4272; x_wconf 87' lang='lat' dir='ltr'><strong>Nos</strong></span> <span class='ocrx_word' id='word_1_163' title='bbox 419 4203 459 4269; x_wconf 86' lang='lat' dir='ltr'><strong>ad</strong></span> <span class='ocrx_word' id='word_1_164' title='bbox 478 4203 586 4271; x_wconf 84' lang='lat' dir='ltr'><strong>beatos</strong></span> <span class='ocrx_word' id='word_1_165' title='bbox 607 4208 681 4272; x_wconf 85' lang='lat' dir='ltr'><strong>vela</strong></span> <span class='ocrx_word' id='word_1_166' title='bbox 702 4203 859 4273; x_wconf 84' lang='lat' dir='ltr'><strong>mittimus</strong></span> <span class='ocrx_word' id='word_1_167' title='bbox 880 4217 1001 4294; x_wconf 86' lang='lat' dir='ltr'><strong>portus,</strong></span> 
     </span>
     <span class='ocr_line' id='line_1_32' title="bbox 156 4307 984 4401; baseline -0.005 -24"><span class='ocrx_word' id='word_1_168' title='bbox 156 4393 158 4397; x_wconf 23' lang='grc' dir='ltr'>Ι</span> <span class='ocrx_word' id='word_1_169' title='bbox 326 4307 439 4398; x_wconf 87' lang='lat' dir='ltr'><em>Magni</em></span> <span class='ocrx_word' id='word_1_170' title='bbox 458 4323 598 4401; x_wconf 82' lang='lat' dir='ltr'><strong>petentes</strong></span> <span class='ocrx_word' id='word_1_171' title='bbox 618 4307 710 4376; x_wconf 80' lang='lat' dir='ltr'><strong>docta</strong></span> <span class='ocrx_word' id='word_1_172' title='bbox 731 4309 812 4376; x_wconf 87' lang='lat' dir='ltr'><strong>dicta</strong></span> <span class='ocrx_word' id='word_1_173' title='bbox 835 4309 984 4396; x_wconf 89' lang='lat' dir='ltr'><strong>Syronis,</strong></span> 
     </span>
    </p>

    <p class='ocr_par' dir='ltr' id='par_1_13' title="bbox 245 4413 1037 4508">
     <span class='ocr_line' id='line_1_33' title="bbox 245 4413 1037 4508; baseline -0.018 -18"><span class='ocrx_word' id='word_1_174' title='bbox 245 4425 301 4490; x_wconf 43' lang='lat'><strong>10&#39;</strong></span> <span class='ocrx_word' id='word_1_175' title='bbox 325 4413 498 4508; x_wconf 83' lang='lat' dir='ltr'><strong>Vitamque</strong></span> <span class='ocrx_word' id='word_1_176' title='bbox 520 4415 560 4486; x_wconf 84' lang='lat' dir='ltr'><strong>ab</strong></span> <span class='ocrx_word' id='word_1_177' title='bbox 582 4413 675 4484; x_wconf 88' lang='lat' dir='ltr'><strong>omni</strong></span> <span class='ocrx_word' id='word_1_178' title='bbox 693 4413 929 4482; x_wconf 78' lang='lat' dir='ltr'><strong>vindicabimus</strong></span> <span class='ocrx_word' id='word_1_179' title='bbox 950 4434 1037 4480; x_wconf 84' lang='lat' dir='ltr'><strong>cura.</strong></span> 
     </span>
    </p>
   </div>
   <div class='ocr_carea' id='block_1_10' title="bbox 0 0 1508 4826">
    <p class='ocr_par' dir='ltr' id='par_1_14' title="bbox 0 0 1508 4826">
     <span class='ocr_line' id='line_1_34' title="bbox 0 0 1508 4826; baseline 0 0"><span class='ocrx_word' id='word_1_180' title='bbox 0 0 1508 4826; x_wconf 95' lang='lat' dir='ltr'><strong> </strong></span> 
     </span>
    </p>
   </div>
  </div>
 </body>
</html>
