2876 4824
707 321 850 371 XXXVI

217 479 230 550 ἒ
319 506 586 598 Asclepiadius,
625 504 791 573 assatus.
839 506 906 596 ap.
943 501 1164 594 597-528.
1197 497 1239 570 Α.
1277 493 1323 571 11.

324 605 541 693 158-169.
582 605 662 693 195.
694 623 773 690 197.
805 608 884 691 198.
920 605 984 674 Ill.
1010 607 1066 695 75.
1105 603 1151 675 V.
1178 603 1324 670 2-15.

209 737 212 742 ·
323 705 490 797 17-28.
520 703 1325 793 29-59.52-65.89-100.101-112'.

318 807 481 878 Aetatem
520 805 653 875 horum
680 815 870 894 poetarum
898 829 943 874 ex
968 830 1009 874 eo
1031 806 1199 896 colligere
1229 804 1325 890 licet,
1425 847 1428 852 -

318 907 415 1000 quod
440 906 590 995 scimus,
617 903 761 997 quando
783 906 917 984 vixerit
932 904 1188 974 Maximianus.
1239 901 1326 970 Ma·
1368 923 1373 938 .

317 1008 499 1077 ximianus
518 1008 615 1074 enim
628 1006 899 1096 grammaticus,
920 1004 1160 1092 versificator,
1177 1005 1238 1095 qui
1254 1025 1326 1069 na-

318 1109 420 1176 tione
439 1105 565 1175 Gallus
585 1108 625 1174 in
639 1103 833 1172 Academia
849 1105 1045 1174 Parisiensi
1056 1105 1214 1196 praelegi
1229 1126 1326 1195 pue-

318 1209 370 1276 ris
393 1205 546 1292 solebat,
569 1207 663 1275 vixit
682 1227 777 1272 anno
798 1205 953 1272 circiter.
967 1225 1071 1271 1200.
1123 1204 1228 1272 conf.
1250 1201 1326 1268 Ca-

319 1306 419 1376 rolus
449 1304 607 1396 Cangius
638 1305 676 1371 in
705 1302 989 1371 Nomenclatore
1018 1303 1063 1370 ad
1098 1303 1327 1372 Glossarium

319 1406 510 1492 Latinum,
531 1404 720 1471 Fabricius
742 1403 826 1471 bibl.
851 1401 910 1470 lat.
931 1403 1024 1470 med.
1045 1414 1081 1470 et
1102 1404 1166 1470 inf.
1191 1413 1257 1470 aet.
1278 1399 1325 1467 Τ.

319 1506 365 1575 V.
380 1529 416 1595 p.
433 1506 510 1590 59.,
528 1505 648 1572 Iustus
663 1503 889 1570 Fontaninus
905 1501 1056 1569 historia
1068 1504 1177 1570 litter.
1202 1499 1325 1590 Aquit.

321 1631 350 1672 c.
367 1603 431 1670 Ill.
448 1597 476 1691 A
491 1624 569 1670 111.
585 1627 619 1694 p.
632 1603 695 1688 50,
714 1599 991 1670 Wernsdorfius
1005 1603 1043 1668 in
1057 1603 1157 1670 Poet.
1179 1599 1223 1666 T.
1240 1597 1275 1668 V
1276 1595 1323 1666 Il.

319 1729 356 1796 p.
379 1721 458 1789 170.
510 1702 621 1769 Hunc
634 1725 720 1772 vero
733 1701 898 1792 plerique
913 1701 1158 1770 confuderunt
1170 1723 1251 1767 cum
1267 1697 1325 1764 al-

320 1816 400 1872 tero
422 1799 663 1887 Maximiano,
682 1801 876 1891 elegiarum
894 1802 1085 1892 scriptore,
1113 1802 1174 1893 qui
1194 1797 1325 1865 Theo-

322 1901 415 1969 dosii
446 1901 676 1989 imperatoris
698 1899 836 1990 legatus
866 1901 952 1987 fuit,
984 1913 1025 1969 ut
1054 1925 1162 1992 supra
1192 1897 1324 1965 iamin

205 2042 209 2052 ·
321 1998 543 2066 Maximiano
575 1998 672 2063 etin
702 1999 820 2065 Iahnii
847 1999 1034 2068 annalibus
1058 1999 1161 2068 1855.
1187 1997 1326 2086 eSup-

322 2097 429 2190 plem.
455 2113 473 2158 2
492 2094 539 2160 Η.
556 2117 590 2183 p.
605 2111 684 2180 192.
701 2095 792 2160 duce
809 2095 1066 2169 Wernsdorfio
1082 2125 1168 2169 usus
1187 2097 1323 2167 monui.

116 2276 121 2284 .
204 2245 209 2250 -
322 2192 526 2265 Duodecim
544 2193 596 2259 illi
611 2204 740 2283 poetae
756 2193 919 2282 aequales
932 2196 1097 2286 fuerunt,
1116 2201 1324 2289 litterasque

324 2299 364 2363 in
392 2291 583 2360 Academia
607 2292 803 2359 Purisiensi
828 2291 1012 2382 professos
1039 2319 1132 2381 esse,
1164 2299 1242 2366 veri
1270 2308 1359 2395 est,

326 2391 452 2462 simile.
502 2391 561 2460 Ex
581 2385 798 2458 carminibus
818 2413 943 2458 eorum
961 2404 1074 2482 patet,
1108 2393 1212 2462 ludos
1236 2418 1323 2462 mu-

327 2495 419 2562 sicos
454 2502 490 2558 et
520 2491 715 2558 certamina
742 2491 885 2581 poetica
913 2489 956 2557 ab
984 2493 1028 2559 ii's
1047 2494 1212 2580 instituta
1234 2517 1322 2582 esse,

328 2613 481 2686 quorum
499 2590 667 2659 caluerat
686 2591 791 2678 ratic,
809 2601 850 2657 ut
867 2591 999 2680 singuli
1011 2592 1137 2661 eodem
1150 2593 1322 2686 rhythmo

327 2717 368 2761 ac
387 2689 574 2758 decadem
594 2714 654 2776 re,
670 2690 714 2758 de
727 2713 797 2781 qua
809 2689 905 2758 inter
916 2713 955 2758 se
971 2703 1322 2780 convenerant,vcr-

326 2815 397 2860 sus'
411 2800 680 2881 componerent.
729 2789 801 2856 Hic
813 2815 892 2858 mos
908 2813 982 2858 uon
998 2795 1037 2859 in
1055 2793 1233 2862 academia
1248 2793 1322 2860 Pa-

326 2891 470 2958 risieusi
489 2890 605 2957 solum
630 2888 716 2955 olim
738 2889 932 2959 invaluisse
948 2892 1110 2979 videtur,
1135 2893 1198 2960 scd
1215 2893 1321 2960 etiam

326 3013 426 3058 nunc
449 2991 487 3057 in
504 2988 693 3056 academiis
711 2985 843 3056 Italicis
857 2990 963 3081 viget.
995 2991 1072 3061 Nec
1087 2992 1215 3082 spiritu
1226 3014 1321 3082 poe-

324 3089 397 3158 tico
418 3089 506 3156 haec
528 3089 782 3178 epigrammata
806 3089 945 3179 carent,
971 3102 1007 3160 et
1028 3092 1202 3183 elegantia
1217 3103 1323 3183 atque

323 3186 549 3278 simplicitate
568 3188 730 3254 eminent
743 3196 778 3254 et
793 3190 1036 3258 recentiorum
1054 3191 1227 3260 Italorum
1238 3215 1323 3261 car-

323 3285 479 3353 minibus
512 3284 684 3353 similiora
715 3309 822 3375 quam
846 3289 1077 3378 antiquorum
1103 3302 1196 3358 suut.
1245 3292 1322 3360 Eae

322 3407 409 3455 vero
425 3408 502 3473 res,
527 3385 709 3475 inquibus
725 3384 765 3450 hi
785 3395 915 3476 poetae
926 3387 1108 3476 ludebant,
1133 3389 1202 3456 hae
1217 3401 1321 3460 sunt:

374 3505 404 3550 1.
433 3481 613 3552 Ciceronis
637 3481 798 3552 tumulus
822 3507 975 3553 numero
996 3485 1163 3577 elegiaco.

372 3601 404 3649 a.
430 3595 649 3675 argumenta
681 3582 719 3650 in
748 3581 897 3675 Virgilii
926 3579 1125 3654 Aeneidem
1156 3588 1320 3660 versibus

425 3687 583 3777 quinque
608 3685 837 3752 hexametris.

245 3857 249 3863 .
370 3782 402 3848 5.
428 3782 618 3876 epitaphia
644 3781 794 3874 Virgilii
819 3782 958 3853 duobus
979 3786 1151 3858 distichis.

370 3880 401 3947 4.
425 3882 614 3975 epitaphia
638 3881 792 3974 Virgilii
808 3883 957 3974 singulis
985 3885 1158 3957 distichis.

368 3980 402 4046 5.
425 3984 589 4051 carmina
604 3984 650 4052 cle
677 3982 819 4052 ratione
834 3980 983 4054 tabulae
1008 4009 1053 4054 cx
1068 3988 1218 4080 singulis
1230 4012 1323 4061 ver*

425 4084 541 4171 sibus,
574 4085 637 4175 qui
662 4086 758 4153 senis
783 4084 903 4157 verbis
929 4097 964 4155 et
986 4085 1116 4156 litteris
1140 4099 1316 4162 constant.

368 4181 402 4249 6.
428 4179 491 4250 De
517 4192 599 4249 ortu
623 4184 872 4254 solis‘duobus
896 4184 1068 4256 distichis.

369 4301 402 4368 7.
426 4280 500 4349 Iris
524 4281 600 4351 siae
624 4284 671 4352 de
694 4307 786 4356 arcu
810 4284 953 4356 coelesti
978 4311 998 4356 e
1022 4285 1127 4357 trinis
1151 4289 1317 4362 versicu-
1424 4369 1426 4380 .

422 4381 467 4453 lis
489 4383 656 4455 heroicis.
1144 4420 1148 4426 ·
