3002 4816
621 271 826 369 jin„

682 460 767 541 566.

532 574 588 641 De
612 575 723 663 chno
747 587 780 642 et
799 577 911 643 Leda.

257 691 410 758 Carmine
428 690 528 754 dulcis
549 691 621 756 olor
643 692 721 756 dum
745 692 881 778 virginis
898 692 961 757 otia
982 691 1111 770 mulcet,

300 795 398 860 Texit
420 793 503 860 furta
521 795 611 861 Iovis
633 797 775 861 carmine
801 797 900 862 dulcis
926 797 1008 864 olor.

686 941 769 1016 567.
788 919 793 926 ’

583 1027 638 1095 Dc
658 1055 717 1095 ovo
739 1031 868 1096 Ledae.

256 1133 377 1208 Ledaei
398 1154 503 1230 partus
526 1166 590 1207 ovo
614 1157 831 1210 monstrantur
853 1157 970 1233 aperto,

299 1249 339 1311 In
360 1268 501 1333 cycnum
523 1271 618 1312 verso
640 1271 658 1312 a
679 1250 758 1314 Iove
779 1272 857 1336 quoa
879 1250 985 1314 tenuit.

258 1352 332 1417 Una
351 1352 451 1416 tribus
472 1352 635 1436 genetrix,
656 1354 710 1417 sed
729 1377 798 1418 sors
821 1355 947 1419 diversa
969 1357 1098 1424 creatist

299 1456 410 1522 Sidera
432 1479 504 1545 para
526 1455 636 1540 faciet,
663 1481 737 1547 pars
759 1457 827 1524 fera
845 1460 927 1525 bella
949 1459 1128 1545 Phrygum.

444 1701 447 1708 '
475 1688 531 1755 De
552 1599 840 1779 Europa5iigiove
861 1702 974 1778 rapta.
1005 1690 1009 1700 ’

259 1803 366 1887 Terga
387 1803 482 1866 bovis
505 1804 635 1867 credens
657 1807 787 1894 Europa
815 1804 974 1869 adscendit
994 1801 1114 1865 alumni

298 1906 478 1990 Inceditque
498 1907 571 1970 Iovi
593 1931 660 1971 non
680 1910 826 1972 revisura
852 1921 987 1997 patrem.

258 2011 382 2076 Fraude
401 2033 473 2074 suos
495 2011 619 2096 genitor
648 2015 725 2078 cetat
746 2015 800 2078 vel
822 2013 960 2099 complet
984 2033 1126 2075 amorest

301 2115 390 2181 Nam
411 2114 487 2178 deus
508 2114 544 2180 in
562 2117 648 2180 tauri
668 2139 803 2206 corpore
823 2116 942 2206 praedo
962 2117 1045 2195 latet.

83 2461 85 2466 ’
132 2467 147 2496 ’
255 2463 440 2551 Europam,
461 2478 588 2532 taurum
608 2469 774 2552 mentitus,
796 2469 915 2557 Iupiter
936 2465 1046 2550 aufert,

301 2566 473 2654 Virgineos
496 2571 609 2636 ardens
630 2573 771 2659 pandere
796 2571 908 2638 fraude
928 2573 1025 2638 sinus.

260 2676 405 2741 Humani
424 2677 555 2740 tandem
576 2677 674 2741 venia
696 2677 853 2740 donentur
874 2700 1010 2753 amores,

301 2779 336 2843 Si
357 2779 430 2864 tibi,
450 2802 579 2846 summe
601 2781 718 2859 deum,
741 2781 844 2845 dulcia
865 2779 949 2846 furta
973 2781 1105 2870 placent.

680 2926 764 2998 570·

621 3012 836 3106 Neptuno.

260 3129 334 3210 Tu,
354 3128 504 3215 Neptune
528 3139 634 3215 pater,
655 3125 708 3188 cui
727 3137 873 3212 tempora
894 3148 970 3190 cana
991 3128 1134 3214 crepanti

261 3236 372 3300 Cinota
391 3233 458 3296 salo
478 3242 641 3312 resonant,
669 3251 801 3315 magnus
824 3231 874 3295 cui
895 3244 1023 3320 perpete
1044 3245 1153 3296 mento

260 3339 398 3406 Profluit
417 3337 580 3416 Oceanus,
601 3347 632 3402 ct
651 3334 787 3400 flumina
808 3336 947 3401 crinibus
970 3348 1088 3401 errant.

220 3577 276 3642 De
296 3573 463 3662 Neptuno
489 3481 770 3655 mormoreo‚57e1ri
789 3573 889 3638 cuiue
920 3572 1069 3638 tridente
1095 3571 1238 3638 saliebat
1323 3616 1326 3622 -
1366 3599 1368 3603 ’

677 3680 778 3745 aqua.

263 3771 370 3854 Quam
391 3770 526 3855 melior,
546 3772 711 3859 Neptune,
732 3783 788 3836 tuo
809 3795 877 3836 sors
900 3769 957 3834 ista
977 3767 1107 3834 tridenti
1127 3780 1194 3840 eat!

303 3877 380 3943 Post
401 3876 527 3964 pelagus
549 3878 653 3942 dulces
675 3878 727 3944 hio
748 3875 806 3942 tibi
827 3875 941 3938 dantur
962 3896 1067 3960 aquae.

687 4024 770 4096 572⁴

611 4109 840 4179 Mercurio.

264 4217 344 4280 Sum
366 4217 459 4297 deus,
479 4215 566 4280 alatis
588 4216 644 4301 qui
665 4213 808 4279 cruribus
830 4215 963 4280 aethera·
976 4236 1083 4301 carpo,
1182 4237 1184 4244 ’

305 4321 413 4415 Quem
433 4319 558 4408 peperit
576 4341 706 4384 summo
727 4319 832 4385 lucida
852 4320 939 4386 Maia
959 4318 1042 4382 Iovi.
