2994 4828
671 195 717 265 21

207 399 233 440 2.
253 381 410 457 fragmine}
425 380 551 453 fiamine
572 381 670 449 vulgo,
695 392 726 434 ut
747 383 775 435 in
792 383 875 437 catal.
894 385 991 456 Scalig.
1013 401 1040 455 p.
1067 385 1127 442 246.
1153 405 1242 444 errore
1328 417 1331 426 v

141 481 247 543 typogr.
264 472 369 540 legitur.
391 499 426 509 -
450 488 531 540 quam
549 471 667 540 quiaque
683 470 815 526 eltirotee
837 475 949 528 tremite
972 492 1056 528 eones
1073 477 1189 548 Cingunt
1210 477 1242 531 Β.

139 564 259 634 segmine
273 579 357 615 zonae
371 559 464 612 unu.
481 559 502 612 l.
518 559 538 624 1.

666 691 726 765 51.

205 811 387 882 Fragmentum
403 811 532 866 Varronis
549 828 564 864 e
579 810 727 880 Marcipors
746 810 840 881 Scalig-
857 812 884 866 in
902 812 983 867 Catsl.
999 830 1026 884 p·
1043 815 1103 872 251.
1122 824 1149 869 et
1165 816 1240 872 Reu-

139 918 201 956 reus
216 903 244 954 in
261 903 381 956 Conieet.
400 901 453 955 litt.
468 918 496 969 p.
517 915 574 968 ¹²7·
592 899 743 956 ediderunt.

207 993 300 1046 s-b.
317 1008 357 1058 ap.
375 989 490 1040 Nonium
506 1006 534 1057 p.
551 987 611 1040 451.

204 1081 298 1134 4-6.
317 1097 359 1147 sp.
374 1078 490 1129 Nonium
507 1095 534 1146 p.
553 1077 596 1131 46.
613 1095 639 1129 r.
659 1075 786 1146 iufirum.

203 1171 231 1224 4.
256 1166 339 1220 nubes
363 1165 487 1238 aquales]
511 1185 538 1226 a.
561 1167 657 1239 aquali
673 1168 820 1222 Mercerus.
845 1165 928 1221 nubes
952 1174 1044 1240 aquai,
1061 1167 1181 1227 Lambin.
1208 1173 1241 1225 ad

136 1259 244 1312 Lueret.
259 1255 308 1321 1v,
327 1272 384 1325 ¹72·
411 1295 419 1302 .

203 1348 229 1400 6.
245 1348 321 1398 deest
336 1344 364 1396 in
381 1342 468 1399 Catal.
487 1341 621 1412 scaligeri.

203 1452 296 1507 7-9.
314 1451 356 1502 sp.
372 1433 488 1486 Nonium
504 1451 532 1502 p.
550 1433 594 1488 46.
611 1451 637 1488 r.
655 1451 745 1506 syrus.

202 1526 230 1578 8.
243 1521 406 1594 phrenetica]
423 1539 450 1574 u.
467 1521 563 1576 Mutet.
582 1523 617 1574 ad
634 1522 730 1576 Senes.
750 1523 784 1574 de
799 1522 841 1575 Ira
856 1523 878 1593 1,
898 1524 939 1576 23.
1053 1519 1055 1530 ’

203 1630 328 1668 10-12.
346 1631 386 1681 sp.
403 1613 473 1664 Non.
489 1630 518 1668 r.
536 1610 658 1680 bipennis
673 1629 701 1678 p.
719 1627 770 1680 79„
787 1611 833 1660 ubi
849 1611 992 1682 naufragi,
1008 1621 1040 1665 ut
1057 1613 1183 1668 ciconiae.

202 1721 245 1757 ιο.
262 1700 405 1773 naufragi]
422 1697 570 1768 naufragii
585 1697 614 1748 in
631 1697 688 1751 cat.
706 1698 776 1750 Scal.

202 1809 245 1848 ια.
262 1789 369 1857 moeste]
383 1787 504 1858 perussit
515 1783 587 1855 ,elte,
605 1795 705 1838 moeste
720 1785 749 1836 in
766 1785 823 1838 Cat.
841 1785 914 1852 Scsl.

660 1915 720 1990 52.

200 2041 282 2094 Antis·
298 2039 346 2092 111.
362 2039 423 2092 240.
441 2055 478 2090 ex
495 2034 583 2088 Cicer.
600 2035 635 2087 de
652 2043 707 2089 nat.
730 2037 805 2092 deor.
823 2037 853 2104 1,
871 2038 914 2094 28.

200 2133 229 2185 in
239 2134 271 2203 Q.
281 2129 421 2197 Roscium]
433 2129 476 2180 De
490 2127 525 2193 Q.
536 2123 638 2178 Roscio
655 2125 735 2177 Gallo
754 2126 885 2178 comoedo
896 2126 1001 2197 scripsit
1012 2127 1043 2180 C.
1061 2128 1083 2183 l.
1102 2130 1203 2202 Grysar
1215 2131 1242 2184 in

133 2222 319 2293 disputatione,
333 2237 399 2288 quse
411 2217 533 2285 inscripta
550 2222 603 2266 est:
621 2211 712 2264 Ueber
722 2214 773 2266 den
785 2214 899 2266 Zustand
918 2217 966 2268 der
984 2217 1132 2273 admiscben
1148 2221 1240 2273 Biihne

131 2314 168 2366 im
184 2310 322 2369 Zeitalteu
333 2309 379 2360 des
398 2306 503 2358 Cicero.
539 2301 623 2370 (nug.
643 2299 841 2370 Schulzeitnng,
860 2305 937 2357 1832.
954 2305 990 2356 N.
1009 2305 1053 2358 46.
1072 2325 1100 2374 p.
1118 2307 1191 2372 565.)

198 2419 225 2455 n.
242 2400 359 2452 Roscius
377 2383 507 2460 exoritur]
524 2392 544 2443 i.
564 2409 589 2442 e.
607 2390 635 2441 in
658 2407 761 2442 scenam
783 2392 882 2459 prodit.
917 2392 943 2445 A
965 2395 1048 2461 prima
1073 2395 1132 2447 luc'e
1155 2395 1241 2447 inter-

131 2494 193 2544 dum
218 2488 276 2542 ludi
298 2486 393 2538 scenici
416 2498 544 2551 coepere,
569 2477 688 2546 ideoque
715 2486 768 2530 tam
791 2498 866 2534 mane
891 2481 919 2534 in
943 2497 1043 2534 scenam
1067 2483 1241 2552 prodeuntem

129 2580 254 2632 Roscium
271 2575 379 2628 Catulus
395 2573 474 2626 vidit.
509 2568 587 2620 Conf.
608 2566 709 2636 Grysar
724 2567 791 2620 ibid.
810 2587 838 2638 p.
857 2570 918 2624 545.

195 2668 222 2719 4.
241 2663 341 2730 visust]
358 2665 453 2716 visu'et
469 2659 606 2724 Menegius
623 2657 656 2708 ad
668 2656 752 2721 Diog.
771 2655 864 2706 Laert.
882 2657 902 2708 1.
919 2657 956 2710 11.
982 2677 1010 2726 p.
1035 2659 1096 2718 128.
1121 2661 1159 2729 (p.
1178 2661 1239 2715 441.
1353 2701 1357 2706 .

130 2755 174 2806 ed.
191 2751 322 2815 Huebn.).
358 2748 489 2804 Orellius.
505 2749 581 2800 visus
598 2759 651 2796 om.
669 2753 710 2795 est
727 2744 817 2811 vulgo.
836 2745 884 2796 dee
900 2744 1028 2799 Auroram
1045 2745 1182 2816 intelligit.

554 2897 556 2902 ’
653 2888 712 2964 53·

197 3016 279 3070 Anth.
296 3015 342 3072 111.
358 3012 420 3066 241.
439 3010 546 3064 Gellius
562 3008 638 3076 XIX,
654 3023 680 3074 9.

198 3119 225 3155 1.
244 3103 368 3176 Aufugit
384 3101 433 3170 ms]
450 3101 561 3172 Effugit
579 3100 617 3149 mi
634 3094 784 3147 Huschkius
801 3097 923 3153 Analeet.
941 3100 1024 3153 litter.
1042 3119 1070 3169 p.
1089 3102 1149 3170 47.‚'
1167 3103 1239 3155 cuius

131 3193 216 3245 codex
232 3192 284 3242 hoe
302 3195 457 3260 epigramma
473 3186 581 3240 Catullo
598 3184 701 3236 tribuit.
737 3183 829 3258 efugit
847 3190 885 3240 mi
900 3205 948 3239 ms.
966 3187 1106 3243 Husehkii.
1124 3187 1239 3262 aufugit

130 3283 197 3335 mibi
214 3299 256 3349 ap.
277 3279 394 3332 Gellium
412 3278 520 3346 legitur.

235 3369 412 3438 Theotimum]
430 3368 580 3421 theotimum
600 3383 647 3417 ms.
665 3362 807 3416 Huseblii.

196 3477 223 3511 2.
237 3458 406 3536 perfugium]
420 3456 583 3530 profugium
599 3453 695 3518 Aldus,
712 3453 829 3508 Tollius.

195 3548 223 3600 5.
243 3549 269 3599 si
284 3563 337 3600 non
354 3550 405 3601 int.
424 3547 490 3615 ete]
512 3546 579 3617 quid
594 3545 620 3596 si
637 3545 806 3597 interiissem
823 3563 857 3598 ae
872 3564 926 3599 nen
944 3546 1010 3600 illue
1021 3544 1177 3618 fugitiuum
1190 3565 1237 3600 ms.

128 3633 267 3688 Huschkii.
294 3635 381 3706 quid?
404 3636 434 3689 ni
456 3635 640 3699 interditum,
663 3652 740 3685 nemo
757 3653 792 3686 ne
808 3633 892 3687 illunc
904 3634 1061 3706 fugitivum
1077 3634 1235 3689 Huschkins.

128 3722 216 3778 illunc
232 3722 374 3776 Turnebus
393 3743 510 3794 quoque,
526 3723 554 3776 in
572 3722 668 3773 ceteris
685 3722 816 3789 vulgatam
835 3723 964 3776 defendit.

196 3811 222 3867 5.
239 3811 342 3880 verum]
361 3813 469 3866 verbum
486 3833 520 3865 ne
536 3813 556 3864 i.
574 3820 714 3864 teneamus
729 3830 776 3864 ms.
792 3811 934 3864 Huschkii.

196 3900 224 3954 6.
244 3897 346 3966 Veuu’]
366 3901 457 3954 Venus
473 3917 521 3951 ms.
538 3900 679 3952 Huschkii.
713 3899 830 3953 Imitatus
854 3909 893 3951 est
908 3901 1029 3954 Lutatius
1047 3901 1155 3955 Catulus
1172 3903 1237 3955 Cal-

128 3989 234 4043 limacbi
260 3990 416 4059 epigramma
438 3990 481 4045 45.
503 3989 531 4042 in
554 3987 666 4042 Anthol.
686 3989 769 4044 Pelet
794 3989 829 4045 T.
851 3989 886 4044 ΙΙ.
911 4008 937 4057 p.
960 3990 1021 4060 471.
1046 3989 1125 4047 Auel.
1142 3991 1188 4042 Br.
1212 3987 1235 4044 Ι.

129 4097 156 4149 p.
175 4079 235 4134 462.

659 4209 720 4286 54·

198 4331 279 4386 nuth.
297 4332 331 4386 11.
348 4349 407 4388 m.
425 4330 530 4385 Gellius
546 4330 589 4398 Χ.
608 4348 647 4402 ¹7·
670 4330 799 4386 Laberius
823 4340 902 4403 poeta
927 4334 955 4385 in
979 4333 1074 4398 mimoj
1097 4343 1174 4398 quem
1189 4325 1235 4380 in-
