2992 4826
566 185 809 324 ms...

660 417 744 495 263.
784 497 790 508 ,

609 545 612 553 ’
627 531 788 598 Palladii

638 639 775 706 Orpheus.

233 741 404 806 Threicius
427 739 592 828 quondam
611 751 699 802 vates
721 734 944 800 adsumatur
965 755 1081 808 canora

275 845 422 914 Movisse
443 867 552 910 sensus
575 844 700 909 acrium
721 841 876 924 ferarum,

231 951 341 1038 Atque
362 973 474 1015 amnes
494 950 631 1014 tenuisse
652 971 769 1034 vagos,
801 947 856 1011 sed
877 956 907 1011 et
928 946 1014 1011 alites
1035 948 1178 1014 volantes

275 1059 317 1122 Et
338 1054 433 1120 surda
456 1065 549 1119 cantu
571 1053 742 1118 concitasse
759 1072 852 1134 saxa3

146 1173 168 1235 5
232 1160 491 1246 Suavisonaeque
511 1156 811 1224 modostestudinis
832 1155 961 1224 arbores
982 1169 1105 1224 secutae

274 1265 439 1330 Umbram
461 1263 606 1330 feruntur
627 1264 808 1353 praebuisse
831 1261 911 1331 vati.
991 1336 1007 1372 .

232 1371 361 1435 Scilicet
379 1369 464 1433 haud
486 1371 603 1457 potu'it,
625 1381 797 1456 quaesunt
820 1371 903 1456 sine,
925 1393 1142 1460 permovere,
1162 1395 1267 1456 sensu,

276 1476 436 1560 (Finxere
458 1474 543 1539 docti
565 1473 707 1540 fabulam
729 1477 852 1564 poetae)

234 1581 299 1648 Sed
321 1581 452 1669 placidis
474 1581 648 1644 hominum
669 1579 761 1644 dictis
784 1578 851 1645 fera
874 1582 972 1646 corda
995 1579 1166 1667 mitigavit,

149 1702 191 1763 10
272 1689 439 1772 Doctaque
458 1686 563 1750 vitam
584 1702 667 1749 voce
686 1685 888 1772 temperavit.

233 1790 390 1859 Iustitiam
412 1789 534 1871 docuit,
557 1802 647 1854 coetu
665 1809 794 1875 'quoque
816 1790 1021 1875 congregavit
1041 1813 1117 1874 uno,

273 1897 449 1982 Moresque
469 1905 608 1981 agrestes
630 1892 788 1982 expolivit
813 1893 974 1984 Orpheus.

649 2015 766 2139 sen.

575 2245 577 2248 Ι
629 2165 784 2232 Ennodii

311 2275 357 2326 De
376 2289 421 2337 eo,
440 2273 485 2341 qui
502 2285 641 2341 numquam
658 2274 708 2326 nisi
725 2273 752 2324 in
770 2272 938 2340 depositione
955 2275 1003 2328 filii
1020 2275 1101 2345 pavit.

192 2393 362 2463 Convivae
383 2391 512 2475 miseri,
533 2392 635 2458 luctus
659 2391 818 2482 deposcite
839 2395 968 2461 multos.

231 2498 371 2566 Prandia
391 2509 437 2563 tot
457 2496 607 2582 venient,
631 2497 745 2566 funera
767 2509 846 2585 quot
866 2495 996 2566 fuerint.

659 2657 744 2736 265·

455 2773 677 2860 Symmachus
705 2773 743 2837 in
763 2772 962 2843 Boethium.

233 2889 396 2954 Fortunae
418 2899 448 2952 et
470 2888 606 2953 Virtutis
627 2911 723 2974 opus,
746 2890 902 2953 Severine
923 2889 1048 2978 Boethi,

276 2995 305 3056 E
326 3007 427 3079 patna
448 2994 555 3078 pulsus
577 3013 644 3053 non
665 3003 717 3053 tua
736 3014 799 3107 per
820 2991 951 3076 scelera,
1051 3013 1054 3026 ·

235 3097 418 3162 Tandem
409 3109 534 3182 lgnotus
554 3095 668 3176 habes,
691 3094 798 3178 quite
820 3099 917 3178 colet,
939 3111 974 3162 ut
993 3111 1046 3161 tua
1066 3095 1182 3179 virtus,

273 3204 320 3270 Ut
342 3215 392 3266 tua
416 3199 545 3264 fortuna
566 3184 810 3288 promeruitque
832 3203 964 3291 sophos.

149 3323 171 3387 5
236 3310 313 3375 Post
333 3307 456 3373 obitum
483 3306 558 3372 dant
578 3303 641 3370 fata
661 3300 772 3369 locum
779 3321 885 3396 ‚post
906 3308 970 3375 sata
991 3321 1154 3399 superstes.

275 3416 399 3482 Uxoris
420 3414 571 3504 propriae
592 3424 623 3476 te
644 3434 768 3500 quoque
789 3412 878 3480 sama
899 3413 983 3480 colit.

669 3577 752 3654 266·

489 3686 532 3768 Q.
554 3686 696 3754 Aurelii
725 3691 926 3780 Symmachi

601 3795 629 3846 in
645 3797 818 3868 Acindynum.

230 3891 338 3958 Attica
358 3894 442 3981 palla
462 3893 539 3980 tegit
559 3915 724 3978 socerum,
746 3911 819 3983 toga
840 3897 924 3985 picta
945 3909 1130 3984 parentem:

234 3995 377 4063 Praefuit
398 3995 455 4060 ille
475 4000 588 4082 sacris,
612 4000 665 4064 hic
685 4000 767 4066 dixit
792 4002 860 4067 iura
884 4001 1027 4087 Quiriti:

233 4100 280 4167 At
301 4101 385 4166 mihi
407 4115 598 4168 castrensem
619 4105 704 4190 quod
726 4107 855 4171 mordet
876 4107 973 4170 fibula
993 4119 1127 4192 vestem,

232 4206 383 4272 Aurorae
404 4207 588 4295 in'populis
609 4233 724 4297 regum
743 4211 904 4298 praetoria
925 4211 1017 4298 resi..
1077 4288 1086 4302 .

237 4311 272 4375 si
293 4310 390 4377 fasces
409 4312 531 4400 pictura
553 4327 647 4402 tacet,
667 4327 701 4382 tu
722 4317 846 4405 respice
867 4316 973 4384 fastos.
