2994 4828
800 227 849 306 68

721 319 926 341 Μ

270 451 460 514 lassarumque
475 428 717 491 caelaturarum!
743 445 777 478 eo
794 421 973 492 potissimum,
997 411 1071 483 quod
1087 418 1254 481 speraverat,
1280 409 1385 462 reniam

270 539 321 592 sibi
337 534 438 586 reditus
456 545 507 596 per
524 541 593 589 enm,
610 521 657 588 qui
673 512 834 584 Agrippinae
851 508 959 560 maritus
977 511 1042 566 erat,
1063 501 1201 568 impetrari
1218 515 1309 569 posse:
1331 495 1384 566 sed

271 628 327 679 eius
343 639 413 674 mors
428 627 513 668 totam
534 629 608 680 spem
628 603 772 660 trust-ravit.
806 599 912 665 Lipsius
937 595 964 646 in
980 594 1069 644 adnot.
1094 589 1129 640 ad
1153 589 1206 640 hoo
1228 587 1385 654 epigramma

271 713 384 780 ambigit,
401 717 487 757 utrum
504 685 611 768 Crispus
628 697 662 746 sit
680 692 786 758 Crispus
802 686 946 746 Passienus,
966 666 1128 748 Agrippinas
1144 678 1263 740 maritus,
1280 691 1312 724 an
1329 669 1385 721 Vi·-
1420 676 1430 700 ‹

271 805 331 854 bins
355 797 474 862 Crispus,
496 789 588 840 itidem
611 783 724 836 oratoria
749 778 847 830 virtute
871 772 968 834 clarus,
1000 788 1031 820 an
1060 767 1174 834 denique
1196 765 1248 814 hoc
1276 773 1386 810 carmen

271 888 377 942 omnino
400 901 452 934 non
470 898 484 928 a
501 877 613 936 Seneca,
634 871 683 921 sed
699 870 731 920 ab
749 867 801 919 alio
819 863 898 915 exule
913 859 948 910 sit
963 861 1068 910 factum.
1092 885 1127 894 -
1148 849 1277 909 Passieni3
1300 863 1384 914 quem

273 974 450 1045 Quintilianus
469 981 534 1032 puer
552 969 682 1012 oratorem
700 951 901 1008 celeberrimum
924 963 981 1000 esse
998 945 1133 1006 audierat,
1156 945 1296 1007 fragmenta
1319 951 1384 984 ora-

272 1065 339 1116 toria
355 1062 382 1112 in
398 1058 469 1108 libro
486 1067 549 1102 meo
566 1049 600 1099 de
618 1044 777 1099 Oratoribus
795 1040 905 1092 Roman.
926 1035 1025 1106 collegi
1041 1051 1069 1102 p.
1087 1035 1148 1086 240.
1169 1059 1205 1070 -
1227 1023 1383 1081 Inscribitur

270 1153 298 1204 iu
315 1165 376 1200 mss.
394 1145 472 1199 Voss.
492 1140 559 1193 Soal.
578 1138 616 1189 ad
630 1137 748 1187 amicum
765 1132 906 1200 optimum.

341 1254 367 1288 2.
384 1233 429 1286 uel
451 1230 565 1301 antiquo
581 1253 616 1268 -·
630 1223 709 1296 foro]
734 1221 753 1272 i.
778 1236 802 1270 e.
818 1219 863 1271 vel
884 1217 954 1272 inter
976 1223 1082 1268 veteres
1104 1217 1237 1272 oratores,
1268 1212 1382 1269 quorum
1421 1253 1424 1256 ,

273 1331 369 1382 Cicero
388 1323 493 1390 aliique.

341 1416 366 1468 5.
384 1409 502 1476 volebas]
518 1407 623 1460 solebas
639 1405 734 1456 Heius.

341 1503 365 1555 5.
382 1503 467 1553 bonor
483 1496 570 1563 nobis]
588 1498 672 1549 bonor
688 1513 707 1545 a
723 1490 800 1544 nobis
816 1504 864 1541 ars
879 1496 908 1538 et
923 1503 972 1538 ms.
990 1483 1068 1536 Voss.
1284 1539 1286 1546 y
1477 1529 1478 1546 ,

341 1609 366 1659 7.
387 1586 475 1640 dulcis
488 1584 656 1654 placidique]
668 1583 742 1651 fides
756 1578 844 1630 dulcis
858 1576 988 1644 Latiique
1005 1571 1135 1622 acerrima
1146 1565 1246 1619 uindex
1256 1551 1382 1624 velfidt’t

274 1678 364 1732 dubiis
374 1674 693 1746 placidisqueacerrime
710 1658 809 1723 vindex
825 1665 858 1716 Β.
872 1663 946 1731 fides
963 1661 1049 1712 dulcis
1065 1657 1227 1722 Suadaeque
1245 1645 1383 1700 acerrima

273 1771 363 1823 uirtus
379 1763 519 1816 Schrader.
537 1761 609 1814 Add.
626 1761 662 1812 T.
678 1759 712 1810 ll.
730 1776 758 1825 p.
779 1755 838 1824 74¹·
850 1751 922 1820 fidis
939 1747 1027 1801 dulcis
1043 1747 1136 1816 (lyrae)
1151 1741 1282 1808 Latiique
1299 1747 1384 1783 acer-

274 1859 345 1910 rima
361 1855 451 1908 virtus
469 1851 529 1904 Val.
547 1849 680 1901 Vonclrius
697 1847 765 1898 ibid.

340 1963 366 2014 9.
386 1941 448 2010 avo]
471 1940 502 1992 C.
529 1936 656 1990 Salustius
680 1935 787 2004 Crispus
812 1930 899 2000 Crispi
922 1927 1037 1982 Passieni
1061 1941 1122 1978 avus
1147 1935 1203 1973 esse
1225 1913 1321 1967 dicitur
1347 1907 1386 1958 ab

274 2034 395 2090 Heinsio.

387 2116 484 2190 parri]
501 2121 659 2166 memoratur
675 2111 793 2165 Passieni
817 2119 892 2178 pater
908 2108 977 2176 apud
993 2099 1175 2158 Hieronimum
1191 2094 1219 2147 in
1236 2085 1385 2142 Chronico:

273 2211 422 2268 Passienus
441 2215 541 2276 pater,
566 2199 734 2253 declamator
757 2201 891 2270 insignis,
909 2201 980 2251 diem
1002 2193 1080 2247 obiit.
1115 2189 1149 2242 Id
1172 2193 1211 2235 est
1227 2196 1294 2232 anno
1313 2173 1385 2244 746,

274 2312 335 2354 ante
354 2299 418 2350 chr.
438 2298 479 2360 8.,
498 2310 551 2360 quo
569 2309 634 2341 anno
651 2290 789 2342 Maecenas
813 2303 918 2356 quoque
942 2294 970 2336 et
986 2280 1112 2334 Horatius
1137 2276 1274 2327 decessere
1293 2261 1383 2314 medio

273 2391 329 2440 fere
347 2384 494 2452 principatu
509 2379 632 2444 Augusti.
667 2377 723 2428 Alii
739 2384 859 2428 auctores
874 2374 954 2441 patris
977 2389 1029 2422 non
1044 2367 1144 2420 faciunt
1160 2359 1329 2412 mentionem:
1354 2350 1383 2402 in

274 2475 312 2529 M.
331 2474 430 2525 Seneca
446 2467 515 2519 enim
533 2475 561 2516 et
579 2463 743 2531 Quintiliano
761 2460 912 2512 Passienum
928 2459 1011 2511 filiurn
1026 2451 1228 2520 intelligendum
1244 2444 1366 2498 arbitror.

344 2577 385 2614 ιο.
404 2575 456 2627 quo
472 2555 540 2621 solo]
557 2555 576 2605 i.
594 2571 619 2604 e.
636 2561 665 2602 to
681 2551 750 2601 solo.

345 2665 385 2700 rr.
402 2663 435 2697 en
451 2643 506 2710 liic]
525 2662 562 2695 au
578 2653 607 2694 tu
625 2641 672 2710 qui
689 2640 764 2690 iaceo
781 2653 827 2690 ms.
837 2631 916 2687 Voss.
935 2650 973 2684 aa
988 2641 1017 2684 tu
1034 2629 1079 2683 cui
1092 2628 1168 2680 iaceo
1192 2641 1239 2676 ms.
1257 2618 1322 2674 Scal-
1342 2635 1386 2668 an

278 2750 326 2790 rua
342 2751 393 2802 mg.
413 2742 445 2785 ut
461 2750 528 2796 mea,
547 2732 594 2801 qui
610 2727 726 2796 Lipsius.
753 2735 785 2777 at
802 2743 862 2776 meo
884 2725 1002 2791 Cyrneas
1026 2719 1103 2770 saxis
1118 2717 1151 2768 B.
1179 2717 1310 2784 Cyrneas,
1328 2708 1385 2761 en!

276 2832 352 2882 iaceo
368 2823 443 2876 saxis
460 2819 585 2873 Oudend.
604 2837 641 2872 an
659 2828 716 2882 rua,
733 2813 782 2885 qui
797 2841 832 2852 -
848 2816 928 2866 Meus
944 2827 1060 2864 mecum
1076 2815 1119 2859 est
1134 2802 1272 2872 Rubkopf.

793 2938 878 3018 136.

311 3097 312 3100 =
346 3058 427 3114 Andr.
447 3056 482 3112 II.
506 3058 567 3111 24.

345 3148 531 3217 Argumentum
542 3070 587 3196 9ex
613 3139 783 3210 praecedenti
805 3135 957 3207 petendum.
996 3132 1112 3187 Senecae
1134 3127 1277 3183 vindicarit
1299 3123 1390 3178 Scali-

277 3255 324 3307 ger
340 3237 368 3288 in
383 3237 462 3287 notis.
496 3233 571 3282 Idem
588 3233 668 3282 sentit
684 3233 716 3284 B.
739 3231 774 3283 ad
796 3228 878 3280 Anth.
908 3225 956 3276 111.
981 3224 1039 3276 152.
1071 3216 1305 3288 Hendecasyllabi.
1340 3213 1391 3266 ln-

277 3325 400 3376 scribitur
416 3323 443 3372 in
458 3337 518 3372 mss.
536 3320 612 3374 Voss.
630 3318 697 3370 Soal.
717 3319 749 3368 de
766 3318 854 3369 amico
871 3324 986 3366 mortuo.

348 3429 371 3463 1.
390 3408 487 3474 amici]
505 3427 524 3459 a
541 3411 607 3460 milri
623 3425 671 3458 ms.
691 3405 759 3456 Scal-

346 3499 374 3550 4.
392 3515 462 3548 nuuc
476 3495 553 3565 pars]
571 3494 642 3547 nune
654 3513 710 3563 par
727 3510 774 3543 ms.
793 3491 859 3543 Scal.
878 3491 921 3544 cf.
940 3490 1035 3542 Horat.
1054 3488 1107 3540 od.
1125 3485 1159 3537 11.
1179 3499 1219 3550 17,
1235 3478 1262 3532 5.

347 3587 373 3637 6.
387 3585 494 3654 pectus]
512 3586 587 3637 lusus
608 3583 740 3636 Francius.
756 3581 788 3636 B.
805 3582 876 3633 Add.
902 3579 936 3632 T.
953 3577 976 3630 I.
995 3596 1022 3646 p.
1047 3578 1105 3648 759.
1131 3575 1210 3626 decus
1226 3568 1335 3624 Waksf.
1352 3571 1393 3620 ad

279 3675 388 3726 Lucret.
406 3672 453 3726 IV.
472 3673 532 3739 956.
1112 3707 1117 3722 .

348 3781 372 3832 7.
390 3761 510 3832 putabit]
535 3761 576 3812 nil
592 3762 651 3812 sine
669 3759 717 3812 illo
733 3761 850 3810 Laetum
872 3773 946 3808 meris
963 3773 1023 3806 meo
1039 3754 1096 3807 iam
1109 3748 1223 3822 putavit
1240 3763 1296 3801 erse
1314 3746 1390 3798 Gou-

280 3863 384 3904 sumtus
403 3851 459 3902 iam
477 3850 546 3901 male
562 3867 608 3900 ms.
625 3847 704 3902 Voss.
721 3847 834 3928 putauit
852 3863 900 3900 ms.
917 3843 986 3898 Scal.

347 3939 374 3992 8.
394 3936 558 4004 consumtus]
578 3947 726 3988 contunsus
742 3933 847 3988 Wakef.

348 4043 374 4096 9.
388 4024 563 4096 plusquam]
577 4035 724 4094 postquam
739 4021 812 4075 Pith.
831 4021 945 4076 Scriver.

793 4153 876 4228 137·

346 4276 428 4328 Anth.
445 4273 493 4326 111.
514 4273 571 4324 155.
596 4271 693 4325 Seneca
711 4275 832 4326 eumdem
849 4268 1000 4323 describere
1023 4269 1141 4333 videtur,
1158 4265 1185 4318 in
1203 4281 1282 4335 quern
1300 4260 1393 4330 epigr.

284 4361 331 4414 134
350 4372 378 4414 et
396 4365 453 4417 138.
472 4361 583 4429 scripsit.
618 4364 660 4412 De
678 4363 801 4412 custodia
818 4359 954 4428 sepulchri
969 4376 1029 4410 mss.
1049 4357 1127 4409 Voss.
1146 4353 1212 4408 Scal.
