2992 4826
673 277 874 386 A...

386 473 428 540 Et
446 466 605 535 tumulum
624 463 720 534 facite
742 478 773 532 et
792 466 916 532 tumulo
935 467 1135 556 superaddite
1156 494 1296 557 carmen,
1411 469 1416 474 ’

386 578 504 640 Saeuis
525 595 618 638 amor
639 571 747 638 docuit
766 583 916 636 natorum
931 573 1084 660 sanguine
1103 590 1241 644 matrem

385 678 628 745 commaculare
650 699 774 764 manus,
790 676 875 740 luctu
895 677 1032 742 miscere
1052 679 1260 767 hymenaeos.

382 783 440 850 Me
460 803 556 871 super
577 783 729 850 aetherias
749 804 858 848 errsre
877 781 1021 848 licentius
1043 789 1147 852 auras!

220 901 284 970 445
324 891 357 960 I.
379 887 525 956 Crudelis
546 899 667 972 mater,
688 887 806 953 tanton'
826 907 881 951 rnc
902 886 1038 952 crimine
1059 888 1193 978 dignum

381 993 528 1062 Duxisti!
560 1006 590 1060 et
611 992 731 1083 patrios
752 989 886 1056 foedasti
906 989 1019 1057 funere
1039 995 1161 1066 stritus!
1334 1073 1335 1078 ἵ

336 1135 338 1141 r
380 1099 497 1185 Arma,
517 1099 593 1184 viri,
614 1097 694 1164 ferte
707 1119 806 1180 arma,
829 1095 981 1181 datetela,
1002 1095 1181 1166 'adscendite
1203 1124 1323 1168 muros.

310 1208 359 1278 M.
381 1207 455 1294 Quo
476 1204 633 1270 moriture
652 1203 741 1270 ruis?
768 1201 924 1268 thalamos
945 1225 986 1266 ne
1008 1201 1117 1269 desere
1136 1219 1253 1294 pactos,
1328 1232 1340 1256 ι’

381 1315 536 1380 Hortatur
557 1310 729 1375 scelerum:
763 1319 907 1372 nostram
932 1329 1019 1371 nunc
1043 1295 1149 1399 accipe
1169 1325 1323 1378 mentem.

218 1427 283 1496 450
382 1417 461 1484 Sive
481 1415 608 1500 annno,
628 1414 698 1480 sive
718 1424 784 1478 arte
808 1411 909 1494 vales,
938 1423 1012 1500 opta
1032 1412 1128 1477 ardus
1146 1417 1260 1502 pennis

269 1523 271 1530 ’
381 1521 481 1590 Astra
500 1519 604 1608 sequi,
634 1530 666 1585 ct
685 1518 713 1583 si
731 1516 809 1583 adeo
832 1515 943 1582 dotalis
964 1517 1052 1604 regia
1074 1517 1164 1584 cordi
1185 1533 1239 1604 est,

379 1628 557 1694 Nostrasne
577 1624 714 1691 eradere
733 1625 870 1690 'demens

381 1729 520 1821 sperasti
540 1742 571 1795 tc
594 1753 686 1818 posse
706 1732 844 1796 manus?
887 1731 971 1818 Opta
993 1728 1090 1794 ardua
1110 1732 1224 1820 pennis
1260 1775 1268 1787 κ

379 1836 477 1904 Astra
496 1835 602 1923 sequi,
623 1837 826 1922 clausumque
847 1855 925 1900 cava
944 1846 976 1900 te
997 1834 1134 1900 condere
1153 1849 1247 1920 terre,

367 1943 420 2008 Et
440 1939 563 2005 samam
584 1941 726 2028 extingui
746 1953 893 2006 veterum
916 1941 962 2006 sic
981 1965 1075 2031 posse
1095 1943 1286 2026 malorum„

378 2047 468 2112 Haec
489 2046 543 2110 via
562 2047 630 2110 sola
651 2045 724 2129 fuit,
745 2047 822 2112 haec
842 2071 901 2113 nos
922 2067 1072 2138 suprema
1091 2047 1248 2131 manebat,
1313 2084 1315 2094 ·

377 2148 495 2218 Exitiis
515 2149 656 2237 positura
677 2149 824 2212 modum.
1058 2166 1062 2170 ’

379 2255 433 2320 Sat
453 2250 525 2316 fatis
546 2251 730 2337 Venerique
751 2252 861 2316 datum
874 2268 936 2335 est,
959 2253 1048 2320 feror
1068 2257 1144 2321 exul
1163 2257 1200 2321 in
1212 2257 1321 2342 altum,

378 2359 584 2424 Germanum
600 2354 723 2443 fugiens
746 2369 776 2420 ct
794 2380 862 2423 non
882 2357 988 2423 felicia
1008 2361 1082 2424 tela.

215 2469 280 2540 460
374 2463 469 2528 Ultra
494 2462 570 2528 anni
589 2461 727 2550 solisque
748 2461 816 2526 vias
839 2462 914 2549 quid
936 2463 1072 2549 denique
1090 2467 1207 2530 restat?

377 2567 420 2634 Et
442 2567 592 2654 longum,
612 2565 771 2650 formose,
792 2567 883 2650 vale3
909 2579 940 2632 et
960 2566 1098 2654 quisquis
1121 2589 1245 2632 amores
1353 2599 1355 2602 ·

376 2669 445 2739 Aut
467 2685 586 2740 metuat
606 2673 711 2740 dulces
733 2685 786 2740 aut
807 2670 990 2763 experietur
1011 2693 1148 2737 amaros.
1197 2747 1200 2762 ι

398 3001 400 3008 -
484 2961 634 3030 Publilii
654 2962 839 3053 Optatiani
854 2963 1050 3054 'Porphyrii

638 3085 730 3122 versus
753 3068 900 3140 anacyclici.

244 3248 251 3265 .
298 3195 498 3287 Blanditicss
510 3193 598 3285 fere
618 3221 709 3265 mors
729 3197 878 3268 Veneris
895 3198 1065 3288 persensit
1087 3199 1243 3278 amando,

336 3301 507 3376 :Permisit
527 3302 649 3370 solitae
670 3327 731 3370 nec
754 3305 867 3394 Styga
888 3305 1062 3370 tristitiae.

296 3402 459 3483 Tristities
470 3407 569 3493 Styga
590 3429 651 3472 nec
670 3407 780 3473 solitae
799 3409 945 3496 permisit
963 3408 1113 3488 amando,

341 3503 500 3576 Persensit
522 3511 659 3579 Veneris
681 3535 770 3577 mors
795 3510 863 3577 fers
883 3513 1060 3579 blanditias.

213 3610 234 3674 5
300 3609 518 3701 Omnipotens
536 3628 638 3706 pater
658 3617 738 3685 irnie
758 3641 886 3706 semper
907 3616 1069 3685 concessit
1090 3616 1210 3696 amori,

338 3715 438 3797 Fecit
457 3743 517 3787 nee
541 3725 693 3812 requiem
717 3733 768 3788 tot
788 3721 855 3788 sibi
866 3722 1091 3811 fulminibus.

298 3821 499 3892 Fulminibus
520 3829 582 3894 sibi
602 3843 652 3896 tot
665 3829 809 3915 requiem
833 3830 977 3896 necfscit
996 3823 1112 3914 amori,
1206 3866 1209 3875 =

340 3930 504 3997 Cenoessit
527 3953 655 4024 semper
670 3934 749 3998 ⁴huic
768 3945 857 4022 pater
878 3935 1092 4028 omnipotens.

297 4035 498 4125 Purpureos
517 4037 583 4106 sibi
595 4039 668 4129 flos
689 4039 805 4107 vultus
826 4063 892 4106 non
912 4041 1033 4129 pingit
1052 4041 1223 4120 Iacchum,
1260 4061 1262 4066 ·

95 4133 133 4174 '⁵
216 4151 257 4214 10
338 4144 513 4232 Monstrat
532 4169 593 4210 nee
613 4145 731 4211 mitem
741 4141 848 4234 frons
868 4169 956 4213 nore
972 4145 1153 4214 laetiticun.

298 4247 467 4314 Laetitiam
486 4269 575 4315 nova
595 4249 685 4315 srons
706 4249 820 4315 mitem
846 4273 907 4315 nec
927 4262 1083 4319 monstrat
1101 4249 1262 4335 Iacchum,

342 4353 448 4442 Pingit
470 4377 537 4422 non
557 4351 662 4421 vultus
683 4353 743 4422 flos
763 4355 825 4422 sibi
845 4376 1034 4446 psupsueos.
