3000 4820
696 239 901 342 Ab...

405 521 610 611 Gbsoouium
645 526 683 594 in
710 527 913 621 advocatum
940 523 1186 616 effeminatum·

564 641 696 708 Exsecti
715 641 836 730 species
857 643 922 710 viri
930 691 944 722 ,

566 745 708 812 Naturae
728 767 829 830 grave
850 747 1000 831 dedecus,

565 848 635 914 Usu
657 847 799 916 femineo
821 852 927 936 Paris,

566 953 693 1021 Foedae
713 978 790 1021 cura
810 955 972 1037 libidinis,

565 1058 652 1124 Cum
675 1059 718 1126 sis
739 1084 797 1126 ore
817 1059 1003 1147 facundior,

566 1165 635 1231 Cur
656 1175 762 1230 causas
786 1167 908 1232 steriles
930 1158 1014 1256 agis,

565 1267 635 1336 Aut
656 1282 805 1358 comupta
826 1269 952 1356 negotia

564 1374 607 1440 Et
627 1373 792 1461 perdenda
812 1375 914 1463 magis
936 1377 1045 1444 locas?

565 1479 718 1568 Agnou,
738 1491 770 1545 et
790 1480 903 1564 vide03
926 1494 980 1550 tuo

566 1585 630 1653 Ori
650 1585 727 1672 quid
747 1585 829 1652 bene
851 1586 976 1652 credier

563 1690 644 1757 Nou
665 1691 732 1775 vis,
755 1691 811 1757 aed
833 1705 908 1781 puto
932 1691 1052 1782 pudici.

748 1841 834 1913 308·

277 1928 506 1997 Plialaecium
534 1928 572 1994 in
599 1928 789 2009 moechum,
824 1927 884 2016 qui
912 1927 1105 1996 inebriatus
1130 1925 1310 2019 plorabat,

478 2035 557 2080 cum
580 2013 710 2078 coitum
737 2014 871 2103 inplere
892 2037 960 2081 non
983 2025 1110 2104 posset.

444 2116 576 2205 Saepius
598 2114 694 2181 futuis
716 2118 879 2204 nimisque
898 2142 1048 2210 semper,

441 2221 513 2288 Nec
536 2219 657 2310 parcis,
685 2221 749 2286 nisi
770 2219 855 2286 foite
875 2221 1061 2292 inebriatus.

440 2324 590 2391 Effundis
611 2324 779 2409 lacrimas,
806 2324 892 2412 quod
914 2348 981 2391 esse
1001 2329 1165 2412 moechus

441 2431 547 2498 Multo
570 2451 639 2494 non
659 2430 766 2495 valeas
793 2451 888 2494 mero
908 2430 1064 2498 subactus.

441 2537 540 2604 Plora
555 2559 599 2601 ue
618 2533 720 2601 sutuas
741 2546 816 2623 peto
837 2535 961 2601 Luciue

440 2643 483 2708 Et
502 2663 633 2732 semper
650 2640 732 2707 bibit
754 2641 928 2730 odiumque
948 2641 1072 2731 plangit

440 2745 511 2813 Aut
531 2769 697 2836 nunquam
716 2760 753 2814 ut
778 2743 902 2832 fuluas,
929 2769 1055 2814 venena
1076 2769 1179 2815 sume.

327 3005 371 3072 In
399 3005 584 3097 spadonem
611 2897 867 3095 regiomioiiu·
893 3004 1064 3074 mitellam
1093 3003 1259 3073 cumbat-

561 3123 651 3188 Raro
674 3120 793 3187 decens
815 3121 931 3212 capillo

558 3227 729 3313 Roseoque
753 3227 844 3294 crine
865 3227 1023 3317 ephebus,

558 3331 667 3421 Spado
688 3331 795 3418 regius
818 3331 977 3400 mitellam

560 3435 680 3526 Capitis
702 3438 777 3502 velo
800 3436 893 3526 capit.

559 3541 693 3631 Proprii
712 3565 842 3608 memor
863 3541 1011 3632 pudoris,

557 3648 646 3712 Beue
671 3647 834 3730 conscius,
862 3646 939 3735 quid
960 3661 1053 3734 esset,

522 3741 526 3751 ’
565 3751 676 3817 Posuit
698 3765 829 3840 cogente
853 3752 961 3832 nullo,

558 3857 673 3923 Fuerat
694 3857 803 3924 minus
824 3858 910 3946 quod
931 3855 992 3924 illi

687 4056 691 4064 ·
721 4003 723 4008 ¹
741 4009 828 4082 310·

433 4113 705 4202 Aunpaesticum
732 4117 770 4184 in
783 4137 939 4206 magum
958 4115 1140 4184 mulinum·

438 4228 517 4294 Tibi
538 4251 613 4294 cum
634 4255 702 4298 non
721 4233 763 4298 sit
790 4231 854 4298 diei
872 4231 975 4322 penis,

433 4333 575 4420 Magicas
597 4347 677 4399 artes
697 4338 815 4403 inscius
837 4339 957 4424 inples3
