3000 4820
712 248 916 349 Q..

771 447 855 522 434

670 553 705 618 Ε
711 556 890 622 netheni
897 581 954 622 aa.

276 658 281 666 ³
345 669 501 757 Virgilius
524 669 603 732 iacet
624 666 694 750 hic,
716 668 771 754 qui
791 691 905 756 pascua
925 671 1072 739 versibus
1093 673 1158 738 edit

389 777 430 842 Et
453 771 537 840 ruris
559 772 657 836 cultus
677 783 707 836 et
727 773 868 860 Phrygis
889 797 977 840 arma
999 777 1075 850 viri,

768 949 852 1022 435.

656 1056 690 1121 P
697 1058 831 1144 ompei
838 1082 956 1126 anus.

345 1173 411 1260 Qui
432 1170 580 1262 pecudes,
602 1169 656 1256 qui
676 1193 752 1234 rura
773 1172 871 1258 canit,
902 1175 956 1261 qui
976 1177 1093 1265 praelia
1117 1187 1213 1256 vales,

384 1281 423 1345 In
445 1276 586 1343 Calabris
609 1275 750 1340 moriens
771 1275 830 1340 hac
854 1279 1021 1365 requiescit
1042 1281 1156 1346 hum0.

768 1450 852 1528 436·

652 1560 960 1630 Maximianus.

344 1678 547 1748 omninibus
570 1675 701 1765 pecudes
723 1689 753 1742 et
777 1700 830 1742 rus
854 1690 884 1742 et
906 1678 988 1744 bella
1011 1681 1152 1745 canendo

383 1785 515 1850 Nomen
536 1783 748 1848 inextinctum
769 1779 926 1869 Virgilius
946 1785 1062 1850 meivi.

762 1958 847 2034 437·
1004 2033 1008 2036 .

723 2065 763 2132 V
768 2068 853 2134 ital
860 2071 908 2134 is.

343 2185 472 2252 Mantua
492 2179 542 2243 mi
561 2180 662 2267 patria
682 2198 744 2264 est,
770 2206 891 2250 nomen
913 2183 1025 2248 Maro=
1050 2186 1193 2250 carmina
1214 2187 1315 2252 silvae

266 2303 267 2308 ’
387 2289 536 2368 Ruraque
557 2305 631 2348 cum
651 2284 762 2368 bellis,
784 2288 982 2374 Parthenope
1004 2291 1153 2356 tumulus.

766 2471 850 2544 438·

701 2578 918 2646 Basilius.

345 2693 411 2780 Qui
429 2693 525 2757 silvas
548 2705 577 2758 et
599 2715 690 2778 agros
712 2706 742 2758 et
765 2695 884 2784 praelia
906 2694 1048 2760 versibus
1071 2708 1171 2778 ornat,

383 2797 474 2865 Mole
494 2797 550 2862 sub
572 2798 631 2862 hac
650 2797 725 2863 situs
746 2811 806 2882 est,
831 2820 903 2863 eece
923 2809 1014 2888 poeta
1034 2799 1140 2864 Mam.

761 2983 845 3062 439·

699 3087 919 3155 Amanus.

346 3208 512 3271 Pastomm
532 3218 617 3270 vates
638 3227 696 3292 ego
717 3226 806 3286 sm,
828 3204 879 3268 cui
899 3227 973 3269 rura
997 3204 1150 3291 ducesque

386 3309 538 3376 carmina
556 3322 636 3375 sunt.
682 3308 747 3378 Hic
769 3331 823 3374 me
842 3309 956 3397 pressit
976 3308 1087 3374 acerba
1107 3308 1205 3394 quies.

767 3484 850 3556 ⁴140·
997 3563 1001 3572 .

694 3588 734 3656 V
736 3613 852 3658 oman
860 3616 917 3658 ue.
972 3611 975 3617 '

347 3703 381 3770 A
401 3703 491 3769 silvis
511 3705 551 3768 ad
573 3728 681 3791 agros,
701 3706 740 3769 ab
761 3707 843 3791 agris
863 3707 902 3770 ad
923 3705 1042 3795 praelia
1062 3705 1150 3773 venit

388 3808 481 3876 Musa
501 3807 657 3880 Maroneo
676 3806 792 3876 nobilis
812 3807 952 3895 ingenio.
1090 3809 1095 3816 ’

766 3970 850 4043 441·
938 4017 942 4024 .,

675 4077 943 4166 Euphorbus.

347 4190 497 4292 Buqolica
517 4191 658 4276 expressi
677 4204 708 4256 et
731 4193 814 4261 uiris
835 4205 996 4281 praecepta
1017 4187 1152 4270 volendi,

392 4292 476 4358 Mox
498 4291 598 4356 cecini
620 4313 750 4378 pugnas.
791 4297 936 4362 Mortuus
957 4297 1009 4360 hic
1028 4291 1148 4368 habito,
