3000 4820
595 267 597 280 .
659 203 729 282 161

12 377 16 492 i
261 396 422 490 Consonat
440 395 509 484 ipsa
528 396 591 462 suis
621 394 755 464 frondes
773 394 856 462 silve
875 392 986 465 comis·

13 577 14 596 1
217 498 326 566 iudice
345 523 400 564 me
420 521 543 586 cycnus
565 512 595 568 et
613 502 739 586 garrula
760 501 848 568 cedat
866 501 1015 588 hirundo,

132 611 175 674 20
260 605 359 672 Cedat
377 617 409 671 et
427 603 545 672 illustri
565 605 712 692 psittacus
734 625 792 670 ore
810 607 879 672 tibi.

12 728 31 813 q
217 709 315 775 Nolle
336 723 404 776 tuos
428 731 582 796 umquam
602 720 709 773 cantus
730 708 905 776 imitabitur
928 711 1006 776 alest

13 827 15 910 ὲ
255 813 426 880 Murmure
446 835 584 898 nemque
602 825 657 878 tuo
678 811 779 878 dulcia
800 815 895 879 mella
916 815 1030 880 fluunt·

9 928 16 996 t
115 977 119 984 .
214 917 279 982 Dic
298 941 377 1004 ergo
395 919 549 982 tremulos
571 917 677 1002 lingue
698 917 844 982 vibrante
863 941 1018 1001 susurros,

8 1021 14 1087 i
256 1025 298 1087 Et
317 1021 409 1086 suavi
428 1021 587 1107 liquidum
608 1034 733 1108 gutture
754 1039 857 1111 punge
876 1023 989 1088 melos.

10 1123 11 1130 ’
129 1125 171 1194 25
213 1123 348 1212 Porrige
369 1126 547 1190 dulcisonos
569 1126 698 1192 adtentis
719 1127 847 1194 auribus
868 1146 962 1194 escas.

8 1280 20 1718 b
254 1231 342 1296 Nolo
364 1242 466 1297 tecum
489 1231 587 1315 velis,
608 1231 685 1296 nolo
704 1233 808 1298 tacere
828 1232 922 1298 velis!

524 1365 527 1372 ’
630 1361 717 1440 393.

561 1443 799 1536 Tiscodulji

312 1552 354 1603 De
371 1551 468 1614 milite,
493 1553 537 1621 qui
554 1533 689 1619 perditum
707 1561 802 1621 equum
818 1543 924 1620 fflgenio
941 1547 1047 1620 reperii.

211 1649 311 1738 Saepe
332 1651 384 1716 dat
403 1649 585 1735 ingenium,
613 1643 698 1733 quod
719 1641 770 1710 vis
792 1646 938 1713 conie1re
958 1646 1098 1732 negabat,

251 1753 394 1840 Compos
416 1767 447 1818 et
466 1765 532 1816 arte
552 1762 615 1833 est,
645 1748 700 1835 qui
719 1749 844 1813 viribus
865 1750 958 1837 inpos
979 1736 1058 1815 cruta¹

211 1857 366 1944 Ereptum
387 1851 473 1922 furto
495 1855 643 1919 castrensi
665 1855 700 1918 in
721 1851 846 1917 turbine
868 1846 997 1938 quidam
1056 1855 1057 1858 ’

250 1957 391 2049 Acc1pe‚
413 1981 475 2047 qus
497 1959 591 2024 miles
614 1969 681 2021 arte
701 1954 819 2042 recepit
839 1971 967 2040 equum.

125 2071 146 2134 5
212 2059 322 2128 Orbus
343 2085 423 2150 equo
446 2063 481 2128 fit
502 2083 618 2151 praeco
640 2063 760 2148 cietque
783 2057 823 2122 sd
844 2056 982 2144 compita
1002 2069 1098 2123 voce:

8 2113 17 2362 Ρ
251 2167 402 2255 Quisquis
425 2167 518 2232 habet
538 2179 701 2248 nostrum,
728 2162 862 2228 reddere
891 2172 988 2226 cenet
1007 2148 1145 2248 equum}

206 2272 264 2337 sin
285 2275 379 2357 alias,
399 2286 483 2340 tanta
504 2271 620 2336 faciam
640 2269 763 2334 ratione
782 2277 915 2347 coactus,

249 2379 345 2466 Quod
367 2391 474 2443 noster
492 2377 598 2442 Rome
618 2372 693 2439 fecit
712 2373 748 2436 in
768 2370 849 2438 urbe
869 2356 997 2458 parens,
1039 2358 1041 2364 ¹

206 2483 270 2549 Res
291 2496 402 2549 movet
421 2483 504 2550 haec,
519 2501 631 2546 omnes
652 2489 682 2542 et
702 2491 821 2564 equum
840 2472 894 2540 fur
922 2474 998 2540 sivit
1018 2469 1114 2558 abire,

124 2602 166 2661 10
248 2591 339 2654 Dum
358 2611 413 2653 sus
436 2587 489 2652 vel
508 2583 621 2673 populi
641 2581 758 2646 damna
781 2578 925 2667 pavenda
950 2575 1051 2642 timet.
1110 2568 1113 2576 ’

208 2694 304 2758 Hunc
324 2692 419 2756 herus
439 2702 473 2755 ut
492 2687 627 2776 reperit,
646 2685 760 2771 gaudet
779 2681 960 2770 potiturque
979 2691 1116 2768 reperto,

247 2797 480 2879 Gratanturque
499 2792 566 2874 illi,
587 2789 674 2877 queis
693 2799 793 2852 metus
815 2795 886 2852 ante
905 2781 976 2848 fuit.

206 2899 286 2964 Inde
304 2909 433 2983 rogant,
455 2896 530 2982 quid
554 2917 636 2982 equo
657 2892 760 2958 fuerat
779 2903 903 2954 actums
922 2885 1059 2966 ademto,

249 3003 313 3069 Vel
332 3001 407 3088 quid
429 3001 464 3064 in
482 3000 563 3063 urbe
581 3021 653 3062 suus
675 2995 773 3082 egerit
787 3005 857 3057 ente
877 3001 976 3077 puter.

8 3079 10 3106 l
125 3124 165 3185 15
208 3109 343 3186 Selium,
372 3103 428 3184 sit,
450 3099 602 3166 adiunctis
625 3099 709 3162 colio
729 3093 913 3160 reiehcndo
932 3087 1060 3178 lupatis,

250 3194 483 3292 Sarciiluiisque
504 3202 575 3268 eliis
593 3201 657 3266 ibat
677 3211 804 3267 onustus
827 3199 939 3284 inopes

186 3319 282 3401 Nil,
302 3313 387 3403 quod
407 3321 539 3398 pungat,
561 3306 694 3389 habens,
729 3302 860 3368 calceris
882 3298 966 3364 calce
984 3302 1157 3385 reportans,

254 3420 347 3486 Olim
367 3439 475 3504 eques,
496 3413 573 3478 inde
591 3411 675 3476 redit
698 3408 737 3472 ad
757 3429 813 3472 sue
832 3418 910 3470 tecta
930 3402 1038 3491 pedes.

207 3527 305 3592 Hunc
324 3522 461 3588 imitatus
483 3521 544 3602 ego'
563 3513 709 3580 fecissem
730 3509 804 3575 talis
825 3504 932 3591 tristis,

123 3645 166 3706 20
251 3627 299 3694 Ni
318 3624 401 3691 foret
420 3624 479 3689 iste
499 3618 597 3703 mihi,
618 3615 727 3696 crede,
751 3624 893 3700 repertus
916 3631 1023 3697 equus.

558 3760 800 3918 Geiilieirti

576 3936 605 3986 in
622 3933 772 3986 Boeonum.
967 3959 969 3962 .
1106 3997 1109 4001 Ι
1266 3986 1272 3994 .

8 4033 10 4120 i
207 4037 314 4114 lionis
334 4053 445 4131 potens
466 4031 547 4102 dum
566 4032 638 4097 iura
657 4045 716 4094 suo
738 4014 930 4091 declaratio
950 4008 1038 4099 orbe,
1298 4045 1307 4056 —

207 4138 281 4234 Tu,
300 4160 388 4237 pater
408 4156 439 4210 et
456 4141 577 4232 patriae
598 4133 728 4208 lumen,
749 4127 902 4193 Severine
920 4121 1046 4201 coeni,
1207 4129 1209 4134 ·

209 4251 359 4321 Consulis
380 4246 489 4315 officio
509 4261 623 4310 rerum
643 4232 784 4326 disponis
804 4230 951 4310 habena&
982 4327 1023 4396 ss

159 4355 193 4408 Τ.
208 4354 231 4408 Ι.
