2992 4826
697 179 902 284 -Q,

244 361 287 427 55
314 354 432 446 Leda,
453 379 512 446 per
533 359 671 428 albentes
691 363 845 432 humeros
866 369 1008 440 fluitante
1025 378 1150 469 capillo,

336 461 343 476 '
367 463 459 527 Dum
479 463 555 550 legit
576 466 723 554 Argivae
743 470 843 538 florea
862 489 945 542 serta
966 479 1050 566 deae,

279 602 281 611 ·
327 567 457 644 Erranti
477 593 573 658 super
594 583 676 637 astra
698 575 773 640 Iovi
795 578 835 643 de
858 582 942 646 nube
964 577 1112 675 suprema
1137 609 1139 616 ’

368 671 519 758 Cognita„
541 677 721 764 plumalem
743 684 783 748 de
803 685 884 752 Iove
905 687 979 756 fecit
1000 694 1112 761 avem(
1136 713 1137 718 ’
1159 707 1161 718 “
1216 697 1224 762 ’,

325 777 453 864 Tuque,
474 782 655 869 puellarum
677 785 756 853 dum
776 791 861 858 ludis
883 796 919 860 in
940 800 1087 887 agmine,
1112 807 1271 897 princeps,

237 890 280 954 60
364 884 455 950 Inter
475 885 640 975 virgineos
661 893 766 960 lucida
781 901 871 964 stella
893 903 1018 987 choros,

320 989 356 1054 Si
376 1013 495 1078 magno
518 1011 684 1085 conspecta
706 1001 780 1067 Iovi
801 1005 840 1069 de
861 1007 945 1074 nube
966 1007 1089 1097 fuisses,

362 1096 555 1185 Deposuisse
576 1101 673 1167 deum
696 1129 762 1171 non
784 1111 947 1197 puduisset
969 1139 1054 1183 eum.

317 1199 381 1266 Ast
402 1204 545 1269 Helenae
566 1203 661 1272 facies
682 1221 713 1273 et
734 1213 844 1298 opima
864 1221 1004 1303 potentia
1026 1222 1154 1292 formae
1186 1241 1193 1250 “
1234 1263 1237 1272 ·

358 1305 524 1373 Dardanio
550 1309 659 1376 Paridi
679 1331 741 1401 per·
760 1339 852 1384 mare
873 1323 992 1408 praeda
1013 1325 1083 1394 fnit.

233 1419 275 1485 65
319 1413 455 1479 Graecia
476 1415 620 1481 coniurat
639 1423 852 1506 repetendam
876 1427 969 1491 mille
991 1433 1119 1519 carinis,

340 1519 461 1614 2Inrata
484 1519 568 1584 hanc
588 1522 706 1588 ratibus
729 1525 865 1595 Graecia
886 1534 979 1598 mille
998 1539 1087 1625 petit.
1179 1563 1182 1572 ’
1208 1550 1209 1558 ’

314 1626 365 1691 Te
386 1639 452 1693 tam
476 1626 681 1714 conspicuam
705 1630 866 1720 Phrygius
894 1638 922 1702 si
943 1644 1064 1728 praedo
1087 1646 1237 1736 videreq*

355 1733 398 1798 Et
417 1745 447 1796 te
465 1735 520 1798 vel
537 1732 656 1798 ratibus
678 1736 734 1798 vel
755 1741 911 1826 rapuisset
932 1771 1024 1834 equo.

313 1835 422 1903 Annis
443 1851 542 1903 tracta
563 1839 675 1904 decem
696 1855 769 1906 sunt
791 1845 912 1914 Troica
933 1851 1031 1937 bella,
1053 1855 1205 1944 seduno,

227 1952 271 2014 70
356 1944 392 2008 Si
411 1967 472 2030 pro
493 1957 524 2008 te
545 1944 673 2029 fierent,
697 1970 809 2014 mense
828 1969 955 2041 peracta
977 1958 1094 2028 forent.

310 2048 449 2135 Virgine
469 2039 596 2114 Ledaea
616 2075 671 2116 me
691 2053 797 2120 iudice
818 2057 949 2145 dignior
972 2087 1064 2150 esses,

351 2155 416 2219 Pro
446 2177 506 2240 qua
528 2157 686 2226 Troianas
706 2163 839 2230 flamma
862 2184 1019 2236 cremaret
1039 2196 1126 2261 opes.

310 2261 364 2326 Tu
385 2274 510 2350 poteras
535 2262 666 2331 Priamo
691 2270 891 2338 validissima
917 2297 1007 2339 causa
1027 2268 1135 2362 fuisse,

351 2368 454 2433 Nulla
475 2381 509 2434 ut
529 2393 605 2436 cura
626 2371 710 2439 foret
730 2399 829 2462 regna
849 2379 958 2464 perire
982 2403 1049 2448 sua.
1143 2397 1148 2416 ²

223 2480 266 2544 75
308 2472 345 2537 Si
365 2474 524 2542 succincta
544 2490 668 2564 togam,
690 2481 755 2546 ritu
774 2484 953 2571 pharetrata
974 2484 1109 2570 Dianae,

349 2579 510 2648 Venatrix
529 2595 594 2649 toto
617 2585 706 2650 crine
725 2588 828 2652 soluta
848 2587 945 2671 fores,

251 2728 256 2747 r
307 2686 342 2750 Si
362 2687 538 2773 Dryadum
560 2692 708 2757 comitata
730 2693 847 2776 choro,
869 2695 896 2759 si
917 2694 1003 2760 nuda
1023 2697 1159 2764 lacertos

345 2790 438 2856 Arcu
461 2792 633 2860 fulmineos
656 2797 868 2884 insequereris
891 2821 1005 2888 apros:

303 2899 354 2963 Te
376 2899 566 2988 quicumque
589 2902 663 2966 deus
685 2903 806 2968 silvosa
825 2928 884 2992 per
907 2920 996 2974 antra
1014 2923 1186 2996 vagantem

216 3017 261 3080 80
345 3006 568 3094 Conspiceret‚
597 3030 712 3073 veram
735 3011 878 3078 crederet
899 3037 966 3079 esse
988 3015 1093 3089 deam.

301 3114 353 3179 De
374 3113 477 3207 pretio
500 3111 626 3178 formae
648 3138 721 3180 cum
742 3127 806 3182 tres
829 3129 994 3185 certamen
1014 3121 1157 3208 inissent,

342 3221 532 3304 Electusque
552 3219 643 3284 Paris
665 3223 783 3287 arbiter
804 3236 884 3289 esset
905 3224 960 3308 eis,

298 3321 456 3388 Praelecit
475 3325 640 3390 Venerem
662 3325 787 3390 Paridis
810 3349 942 3392 censura
964 3329 1082 3396 duabus

340 3428 453 3515 Deque
473 3429 574 3494 tribus
596 3431 699 3496 victae
720 3432 916 3496 succubuere
941 3433 1029 3500 duae.

212 3541 256 3610 85
300 3534 390 3598 Cum‘
403 3535 503 3600 tribus
525 3536 564 3600 ad
586 3535 738 3601 Paridem
757 3536 786 3600 si
808 3551 916 3623 quarta
937 3541 1104 3628 probanda
1125 3546 1264 3631 venires,

340 3638 420 3703 Prae
441 3640 541 3705 tribus
563 3664 580 3705 a
602 3640 718 3706 Paride
740 3653 848 3727 quarta
868 3645 1001 3730 probata
1023 3645 1108 3712 fores
1115 3676 1126 3733 3

295 3745 459 3830 Pomaque
481 3743 508 3808 si
529 3744 655 3809 formae
675 3747 795 3834 potiori
817 3747 919 3813 danda
941 3748 1043 3835 fuere,

337 3851 426 3915 Haec
447 3850 551 3938 potius
574 3849 699 3916 formae
721 3851 824 3916 danda
845 3851 935 3920 fuere
955 3869 1035 3924 tuae.

292 3955 409 4020 Ferrea
432 3957 527 4020 corda
548 3956 643 4042 gerit,
670 3970 721 4022 tna
743 3981 840 4045 quem
861 3961 1001 4027 coelestis
1023 3964 1133 4052 imago

207 4072 250 4138 90
327 4061 399 4126 .Ve1
420 4073 486 4126 tam
506 4085 686 4151 purpureae
707 4085 774 4127 non
795 4065 928 4152 tetigere
948 4091 1057 4156 genae.

290 4167 424 4234 Robore
444 4169 500 4232 vel
520 4172 652 4256 scopulo
673 4172 816 4258 genitum
841 4172 1035 4239 convincere
1055 4175 1188 4261 possins,

332 4270 442 4358 Quem
457 4286 524 4341 tam
545 4274 712 4342 sollemnis
733 4276 842 4344 forma
863 4301 998 4376 movere
1017 4279 1136 4364 nequit.
