2992 4826
8 2267 18 2444 l

647 265 695 343 65

201 465 335 556 Accepit
356 462 475 553 magno
498 460 670 529 deductum
691 461 800 528 Nerea
819 457 928 541 fluctu,

242 571 366 658 Perque
385 569 469 635 latus
490 566 580 634 misit
599 565 746 633 maxima
766 563 851 631 bella
872 587 980 650 suum,
1011 595 1012 600 ¹

55 730 60 739 .
116 687 139 750 5
207 673 271 740 Sub
292 685 378 742 tanto
399 672 521 738 subitae
540 681 716 737 sonuerunt
735 667 879 758 pontlere
899 670 1025 754 classes,

244 780 415 846 Caeruleus
437 801 514 844 cana
534 776 593 843 sub
614 776 694 847 nive
716 787 831 864 pontin
852 785 932 842 erat.

202 884 295 952 Idem
315 883 480 951 commisit
497 884 597 970 longo
619 880 683 946 duo
693 881 788 946 litora
807 891 906 968 ponte

245 992 372 1074 Perses,
394 1002 426 1056 et
446 987 522 1054 fecit
541 1010 599 1077 per
622 1009 713 1052 mare
733 985 827 1052 miles
848 984 920 1051 iter.
999 1069 1003 1083 .

203 1094 308 1184 Quale
327 1090 389 1160 fuit
410 1115 549 1182 regnum
569 1093 693 1160 mundo
714 1116 801 1160 nova
821 1113 943 1184 ponere
962 1090 1058 1162 iura?

118 1213 163 1276 10'
244 1199 321 1268 Heu
340 1211 444 1267 terrae
464 1196 535 1284 θεῖς
555 1198 615 1265 hae
636 1219 744 1284 mare,
768 1197 869 1285 dixit,
890 1207 957 1286 eati,

632 1361 728 1451 189?

609 1474 654 1542 D.
689 1474 740 1542 M.

464 1578 626 1650 Petronii
640 1579 902 1668 Antigenidisv

202 1684 275 1770 Tu,
295 1682 377 1774 pede
397 1684 452 1774 qui
473 1685 581 1751 stricto
603 1684 695 1751 vadia
716 1708 775 1774 per
795 1697 900 1769 senta,
921 1684 1038 1768 viatorj

204 1789 302 1874 Siste,
322 1812 418 1878 rogo,
442 1789 632 1876 titulumque
651 1811 765 1854 meum
783 1803 828 1852 ¹ne
847 1789 1027 1877 spreveris,
1047 1811 1120 1856 oro.

201 1893 258 1959 Bis
279 1895 394 1981 quinos
417 1918 518 1962 annos
540 1915 729 1980 mensesque
751 1891 846 1977 duos,
872 1893 936 1960 duo
956 1893 1039 1960 solea

201 1998 243 2064 In
262 1995 386 2086 superis
408 1995 490 2080 feci,
513 2010 621 2064 tenere
641 1997 793 2082 nutritus,
817 2011 948 2069 amatus·

117 2115 139 2178 5
201 2103 364 2189 Dogmata
385 2101 592 2197 Pythagorae
611 2102 696 2168 sensi
714 2103 917 2192 studiumque
936 2103 1129 2194 sophorum,¹

201 2209 247 2278 Et
265 2208 368 2276 libros
387 2209 463 2296 legi.
505 2207 588 2299 Legi
608 2207 662 2296 pia
682 2208 825 2275 earmina
846 2209 997 2294 Homeri,

202 2313 281 2380 Sive
301 2327 378 2400 quot
398 2314 547 2382 Euclides
568 2313 665 2382 abaco
685 2312 883 2404 praescripta
903 2314 1035 2382 uuuaet.

202 2416 342 2486 Delicias
362 2419 459 2491 habui
479 2421 600 2511 pariter
618 2422 768 2509 lususque
785 2443 947 2510 proeaees.

203 2525 293 2590 Haeo
313 2524 444 2592 Hilarus
466 2525 551 2592 mihi
574 2526 766 2609 contulerat,
786 2539 876 2615 pater
896 2526 981 2618 ipse,
1002 2511 1164 2617 patronus,
1280 2599 1282 2607 s

119 2639 163 2703 10
206 2629 240 2694 Si
260 2653 328 2695 non
349 2630 465 2698 infelix
485 2629 645 2700 contraria
665 2627 728 2697 lata
748 2631 949 2698 habiuasema

205 2733 303 2799 Nune
323 2759 405 2804 vero
426 2733 568 2816 infernas
590 2735 700 2820 aedes,
729 2733 925 2804 Acherontis
945 2736 984 2802 ad
1005 2736 1105 2804 midas

204 2838 368 2926 Tetreque
389 2840 538 2906 Tartarei
557 2840 724 2931 persidere
742 2841 838 2906 tendo
861 2840 1024 2931 profundi.

209 2941 317 3032 Effugi
337 2947 495 3011 tumidam
515 2946 630 3016 vitam.
673 2945 762 3031 Spes,
783 2942 891 3010 forma
906 2947 1025 3030 valetep

202 3047 265 3114 Nil
285 3047 369 3113 mihi
387 3049 557 3114 vobiscum
578 3058 634 3113 est.
677 3043 773 3110 Alios
795 3044 950 3131 deludite,
979 3069 1107 3133 quaeso.

10 3183 11 3198 π
120 3163 163 3228 15
204 3143 422 3219 Haeodomiu
440 3162 566 3232 aeterna
581 3163 638 3215 est.
671 3149 739 3212 Hie
752 3171 827 3214 anm
839 3149 932 3234 situs,
953 3147 1007 3214 hie
1022 3173 1079 3217 ero
1091 3173 1231 3243 semper.

631 3319 715 3399 19st

529 3474 531 3478 -
583 3427 771 3511 [Turni]

426 3532 611 3606 Fragmentum
626 3534 719 3588 satirae
739 3535 767 3589 lu
783 3533 927 3590 Neronem.

185 3632 274 3720 Ergo
294 3631 417 3698 famem
441 3617 595 3700 miseram
620 3647 673 3700 aut
692 3635 793 3724 epulis
814 3633 920 3701 iiafuaa
941 3655 1065 3700 venena

183 3739 226 3806 Et
246 3738 404 3828 populum
425 3761 604 3826 exanguem
623 3738 820 3827 pinguesque
839 3741 876 3807 in
896 3738 991 3806 funus
1015 3736 1136 3804 amieos
1233 3752 1244 3821 ,ζ

184 3845 229 3911 Et
248 3842 349 3907 molle
369 3841 500 3930 imperii
520 3844 648 3912 senium
668 3843 727 3910 sub
747 3847 884 3912 nomine
904 3846 1000 3935 pacis,
1235 3834 1242 3845 ¹

184 3949 228 4014 El
247 3947 469 4036 quodcumque
488 3949 552 4015 illis
573 3973 659 4016 nnnc
679 3975 773 4017 aurea
794 3949 911 4016 dicitur
928 3961 1022 4033 aetas,
1123 3965 1129 3974 “

121 4062 145 4129 5
187 4054 453 4143 Marmoreaeque
473 4069 584 4123 cenent
603 4057 774 4124 lacrimosa
797 4053 945 4123 incendia
962 4057 1098 4140 Romae,

186 4157 232 4223 Ut
250 4155 433 4229 formosum
453 4159 574 4250 aliquid
595 4159 706 4248 nigrae
725 4173 757 4227 et
775 4160 885 4228 solatia
905 4160 1033 4230 noctis?

186 4263 282 4349 Ergo
296 4289 333 4331 re
352 4266 435 4334 bene
455 4280 540 4355 gesta
560 4279 591 4333 et
610 4267 673 4332 leto
694 4265 806 4332 matris
827 4279 981 4348 ovantem

157 4367 405 4522 TMaternisque
418 4375 537 4440 *canent
558 4370 712 4463 cupidum
731 4393 924 4440 concurrere
943 4369 1047 4452 Diris,

184 4507 193 4525 .
208 4469 232 4524 1.
1004 4481 1039 4550 5.
