2992 4826
599 221 807 328 „AL

543 528 709 600 Laurens
739 528 856 600 ululis·

377 731 380 738 Α
474 652 516 720 in
532 679 638 736 aquas
664 663 928 723 Ciceronianae.

210 780 285 868 Quo
303 793 372 870 tna,
392 784 559 852 Romanae
579 781 707 852 vindex
727 784 903 852 clarissime
922 782 1060 872 linguae,¹

252 884 355 990 Silva,
366 891 440 957 loco
463 890 579 956 melius
600 911 732 976 surgere
751 889 835 956 iussa
854 890 949 974 viret,

209 987 319 1079 'Atque
337 995 554 1092 Heeademeo'
565 993 759 1060 celebratam
782 993 918 1060 nomine
937 993 1054 1064 villam

249 1096 351 1163 Nune
369 1110 497 1188 reparat
516 1095 602 1165 cultu
621 1097 681 1164 sub
701 1099 830 1188 potiore
849 1099 970 1165 Vetuas

21 1253 22 1280 ,
137 1208 164 1272 5
208 1201 276 1268 Hic
296 1202 394 1269 etiam
414 1203 569 1294 adparent
587 1202 732 1294 limphae
752 1227 821 1271 non
841 1215 913 1270 ante
932 1215 1088 1294 repertae,

249 1303 419 1394 Languida
439 1329 518 1395 quae
537 1306 645 1374 infiuo
666 1311 791 1378 lumina
811 1334 889 1377 rore
910 1309 1031 1374 levant.

208 1411 381 1479 Nimirum
403 1413 491 1478 locus
509 1412 579 1501 ipse
598 1415 648 1480 sui
669 1415 837 1484 Ciceronis
857 1413 978 1480 honori

251 1519 326 1584 Hoc
346 1517 454 1601 dedit,
473 1517 534 1582 hac
553 1517 658 1585 fontes
680 1542 756 1588 cum
776 1519 926 1610 patefecit
945 1541 1020 1608 ope,

206 1621 269 1707 Ut,
290 1624 444 1710 quoniam
463 1635 570 1690 totum
589 1623 709 1710 legitur
728 1625 799 1692 sine
819 1623 884 1690 fine
903 1646 964 1711 per
984 1620 1111 1702 orbem,

141 1741 189 1801 10
254 1728 329 1796 Sint
349 1729 460 1817 phares
478 1731 595 1812 omas,
617 1751 696 1816 quae
716 1730 924 1809 medeantur,
946 1745 1053 1810 aquae.

535 2015 572 2082 0.
598 1903 868 2082 Ialiissdaaarie

476 2129 512 2183 in
527 2129 559 2186 P.
575 2129 780 2184 Terentium
795 2127 922 2182 arruns.

207 2248 263 2315 Tu
284 2263 427 2337 quoque,
448 2258 482 2314 tu
504 2247 540 2315 in
560 2247 715 2333 summis,
740 2269 762 2311 o
783 2245 951 2312 dimidiae
970 2243 1162 2330 Menander,

204 2352 358 2437 Poneris,
378 2365 410 2420 et
429 2353 547 2422 merito
568 2353 643 2442 puri
662 2350 823 2418 sermonis
843 2362 987 2434 amalor3
1114 2339 1119 2354 ’

207 2458 351 2524 Lenibus
372 2471 463 2546 atque
485 2459 609 2526 utinam
629 2457 756 2548 scriptis
778 2455 946 2524 coniuncta
965 2453 1050 2522 foret
1068 2454 1131 2541 vis,

207 2563 341 2630 Comica
364 2575 398 2628 ut
418 2575 547 2652 aequato
568 2563 671 2630 virtus
692 2563 832 2654 polleret
851 2561 978 2628 honore

141 2677 164 2742 5
207 2667 293 2734 Cum
314 2667 466 2752 Graecis,
484 2691 588 2756 neque
607 2668 645 2736 in
662 2666 724 2734 hac
744 2667 908 2756 despectus
928 2677 1019 2754 parte
1036 2665 1172 2731 iaceres!

206 2773 323 2842 Unum
341 2772 406 2840 hoc
427 2795 575 2842 maceror
581 2821 592 2860 ,
613 2785 645 2840 et
665 2773 760 2842 doleo
777 2773 836 2840 tibi
854 2771 982 2856 deesse,
1002 2769 1147 2839 Terenti.

522 3059 560 3128 0.
588 2951 867 3128 Iulie‘69tlaeaaria

465 3172 515 3240 (in
536 3189 677 3242 puerum
698 3169 933 3240 submersum).

205 3294 324 3362 Thrax
343 3315 423 3383 puer
443 3292 570 3360 asmicto
590 3291 692 3380 glaeie
713 3289 793 3358 dum
811 3289 893 3358 ludit
911 3288 947 3356 in
966 3285 1091 3376 Hebro,

249 3399 384 3487 Frigore
405 3410 565 3466 concretas
585 3399 731 3486 pondere
750 3397 837 3489 rupit
856 3419 962 3485 aquas,

205 3505 359 3594 Dumque
377 3504 463 3578 imae
478 3514 588 3592 ‘partes
609 3503 724 3592 rapido
744 3503 945 3578 traherentur
965 3500 1006 3568 ab
1025 3521 1133 3588 amne,

250 3607 399 3676 Abscidit
417 3621 565 3674 tenerum
584 3607 708 3674 lubrica
729 3620 803 3674 testa
827 3619 929 3698 caput.

141 3725 166 3795 5
207 3712 298 3780 Orba
319 3713 405 3802 quod
428 3711 601 3779 inventum
623 3726 726 3781 mater
747 3713 827 3780 dum
848 3711 1000 3780 conderet
1018 3727 1111 3797 mn&

247 3819 324 3886 Hoc
343 3817 454 3910 peperi
473 3817 632 3904 flammis,
654 3832 774 3904 cetera,
804 3817 901 3902 dixit,
921 3819 1025 3908 aquis!

559 4104 649 4171 Iulii
664 3997 836 4174 {ismario

208 4242 345 4326 Feltria,
365 4253 519 4332 perpetuo
539 4237 670 4309 nivium
691 4239 838 4309 damnata
857 4245 976 4332 rigore,

250 4347 356 4416 Terra
376 4347 458 4413 mihi
480 4345 608 4438 posthac
628 4367 694 4416 non
715 4347 873 4436 adeunda,
902 4350 983 4418 vale.
1080 4397 1083 4404 .

179 4447 212 4503 Τ.
229 4447 251 4504 l.
1014 4454 1049 4514 ”2
