2876 4824
649 245 698 296 x1

189 433 412 508 vixissent
446 443 545 504 certe
569 429 754 524 aequalem
780 427 858 500 eius
888 429 1012 502 firissc'.
1046 433 1220 506 ‘Diverso

193 534 325 604 deinde
348 533 458 603 modo
483 533 580 602 idem
599 541 707 624 poete
729 530 930 622 appellatur
948 532 988 599 in
1003 531 1221 626 Mytbogra-

192 635 267 728 pho
291 636 418 724 tertio,
446 657 554 726 quem
577 631 737 725 primum
750 627 793 698 A.
809 628 928 699 Maius
943 655 984 698 ac
1005 643 1131 724 postes
1142 635 1220 703 Bo-

193 733 239 803 de
264 734 390 804 edidit:
434 734 509 802 illic
535 733 634 802 enim
657 753 738 822 pag.
770 729 836 796 152
862 729 1031 822 legimus:
1069 729 1223 802 Dicitur

193 831 301 902 iuxta
324 833 405 903 illos
426 854 553 902 versus
570 829 611 900 V
607 828 716 898 alerii
736 827 888 898 Serrani
903 829 929 898 1
934 852 991 924 up
995 831 1047 924 pi
1054 841 1128 899 ter
1153 843 1220 903 etc.

192 932 312 1004 Varro
338 935 493 1004 eundem
517 943 660 1025 poetam
686 931 819 1002 iterum
850 929 889 996 in
913 929 1007 1001 libro
1033 933 1078 1002 de
1101 931 1226 1023 lingua

192 1033 305 1104 latina
329 1034 483 1126 septimo
517 1055 596 1124 pag.
625 1031 695 1128 518
723 1031 777 1100 ed.
804 1028 933 1122 Speng.
962 1032 1066 1102 citat:
1105 1029 1225 1122 Apud

196 1132 384 1202 Valerium
399 1133 580 1202 Soranum
598 1129 639 1200 V
643 1141 743 1199 etus
767 1127 937 1219 adagio
961 1141 1042 1216 act,
1066 1130 1110 1199 P.
1125 1129 1224 1198 Sci-

188 1231 277 1328 pio.
320 1233 429 1319 Quod
450 1229 598 1301 verdum
623 1254 735 1324 usque
760 1253 801 1298 eo
828 1228 998 1315 evanuit,
1031 1241 1073 1299 at
1098 1229 1225 1299 Grac-

193 1355 275 1402 cum
298 1357 365 1427 pro
382 1356 422 1401 ao
431 1330 592 1428 positum
603 1331 722 1424 magis
737 1330 787 1400 sit
799 1341 988 1424 apertum,
1013 1354 1100 1400 nam
1114 1329 1223 1421 idem,

195 1435 291 1528 quod
314 1432 510 1530 παροιμίαν
536 1441 666 1501 vocant
691 1429 836 1502 Graeci.
888 1434 972 1524 Quo
1006 1457 1053 1502 ex
1075 1431 1156 1500 loco
1181 1431 1224 1503 fit

192 1535 407 1624 verisimile,
432 1534 620 1606 Valerium
646 1533 824 1603 Soranum
848 1555 923 1604 non
950 1533 1075 1602 eadem
1095 1543 1222 1624 aetate,

193 1659 262 1726 qua
286 1635 508 1722 Varronem,
535 1634 689 1722 vixisse,
717 1633 780 1702 sed
805 1634 920 1702 multo
945 1643 1030 1701 autc
1056 1653 1159 1718 eum,
1186 1643 1223 1704 et

13 1819 18 1828 ί
147 1747 149 1750 ’
193 1735 371 1825 Scipionis
383 1735 533 1827 -quidem
546 1723 707 1802 Africani
728 1734 966 1820 temporibus.
1006 1727 1077 1798 Sed
1095 1729 1223 1802 Cicero

190 1833 286 1902 banc
320 1859 445 1926 vagam
471 1834 517 1902 de
548 1843 663 1901 aetate
688 1830 827 1901 Valerii
863 1827 1142 1921 disputationem
1179 1831 1225 1899 ed

191 1956 323 2004 terum
345 1934 508 2019 reducit,
535 1931 715 2017 indicans,
743 1951 826 1996 eum
849 1929 1075 2019 temporibus
1100 1928 1223 1998 Crassi
1269 2011 1270 2015 Ἰ

192 2043 231 2100 et
245 2030 397 2101 Antonii
420 2031 566 2100 vixisse.
605 2027 677 2096 Hic
701 2027 801 2096 locus
826 2029 865 2097 in
890 2027 984 2096 libro
1010 2027 1055 2097 da
1078 2039 1223 2100 oratore
1262 2077 1264 2084 ·

187 2131 302 2198 tertio
328 2151 404 2220 cap.
419 2127 483 2195 XI.
511 2123 540 2218 §.
559 2125 617 2194 45.
643 2139 750 2214 extat·
784 2126 829 2216 Q.
856 2127 1024 2196 Valerius
1049 2128 1222 2200 non'Ro-

188 2249 273 2296 mac
304 2237 381 2295 erat
410 2237 533 2314 natus,
566 2225 629 2294 sed
662 2226 793 2316 Sorae,
825 2227 1043 2298 Latinorum
1075 2229 1221 2321 oppido,

188 2325 289 2420 unde
321 2327 450 2394 Sorani
484 2338 760 2418 cognomentum
794 2327 938 2416 habuit,
973 2339 1010 2396 et
1042 2326 1109 2394 filii
1144 2329 1221 2400 eius

190 2427 251 2499 vel
275 2436 425 2516 nepotes
450 2450 472 2493 a
487 2425 664 2494 Cicerone
687 2428 727 2494 in
751 2429 865 2497 Bruto
893 2453 922 2496 c.
944 2425 990 2494 46
1016 2426 1221 2498 laudantur.

189 2523 245 2596 Ac
258 2525 381 2597 varios
399 2526 584 2616 scripsisse
600 2549 683 2594 cum
694 2525 806 2596 libros
822 2539 980 2618 apparet.
1014 2526 1220 2620 Fragmen-

188 2637 269 2696 tum
296 2626 393 2693 enim
417 2624 524 2713 illud,
566 2625 663 2717 quod
697 2627 793 2719 apud
829 2627 1036 2696 Varronem
1061 2627 1114 2695 'de
1145 2625 1223 2696 lin-³

190 2749 262 2818 gua
285 2724 393 2793 latina
415 2722 567 2816 legitur,
592 2724 637 2792 ed
662 2725 772 2796 ulium
796 2727 973 2820 pertinet,
1001 2749 1107 2820 quam
1132 2749 1220 2798 ver-

189 2847 251 2892 sus
278 2824 323 2892 de
347 2824 446 2894 Iove.
495 2825 576 2893 Hos
601 2826 699 2893 anim
725 2850 771 2895 ex
796 2827 918 2913 libris,
956 2851 1045 2919 quos
1074 2827 1220 2918 epopti-

189 2925 264 2993 don
289 2924 491 3014 inscripsit,
517 2925 700 2994 referente
708 2927 827 2995 Plinio
854 2927 893 2994 in
909 2927 1132 3016 praefatione
1143 2925 1219 2994 Hi-

190 3023 326 3093 storiae
356 3025 546 3110 naturalis,
580 3036 718 3093 sumtos
754 3049 832 3094 esse
858 3026 977 3092 credo.
1025 3025 1219 3115 Inscriptio

63 3121 67 3128 ’
189 3123 289 3193 enim
322 3121 455 3189 horum
484 3122 663 3190 librorum
694 3123 848 3207 indicat,
886 3143 1015 3188 arcana
1049 3123 1222 3214 quaedam

190 3225 268 3294 sive
292 3221 463 3310 mysteria
488 3221 526 3286 in
552 3220 596 3286 iis
621 3219 785 3306 tractari,
820 3218 918 3288 unde
942 3219 1062 3289 fabula
1086 3220 1131 3288 de
1154 3244 1221 3290 re·-

186 3320 339 3414 pentina
350 3316 488 3388 Valerii
511 3328 631 3387 morte
655 3329 734 3386 orte
758 3341 836 3387 esse
852 3319 1014 3409 videtur,
1040 3321 1141 3390 cuius
1164 3323 1222 3393 rei

186 3419 412 3490 mentionem
437 3419 603 3488 fecerunt
625 3418 764 3486 Plinius
789 3417 839 3488 H.
864 3417 910 3486 N.
934 3418 1000 3487 III.
1027 3421 1060 3488 5.
1087 3432 1171 3490 sect.
1185 3443 1219 3512 9.

187 3515 219 3611 §.
239 3518 297 3585 65.
325 3530 362 3587 et
373 3519 589 3589 Plutarchus
613 3519 652 3584 in
669 3518 818 3605 Quaest.
844 3517 1089 3590 Romanisdl.
1121 3520 1221 3612 Qui-

187 3641 343 3709 cumque
359 3617 398 3687 id
418 3619 715 3707 consideraverit,
741 3617 929 3688 Valerium
943 3618 1122 3688 Soranum
1141 3643 1219 3692 non

188 3717 390 3788 confundet
415 3741 496 3788 cum
514 3720 626 3788 altero
641 3717 798 3787 Serrano
813 3729 940 3810 poeta,
968 3720 1030 3810 qui
1048 3721 1091 3789 ab
1106 3719 1220 3794 Iuve-

187 3817 266 3906 nali
290 3839 363 3886 nna
388 3841 470 3888 cum
486 3819 635 3888 Lucano
662 3828 698 3886 et
713 3817 831 3887 Saleio
857 3818 1064 3910 aequalibus
1090 3820 1222 3892 citatur

188 3919 231 3987 in
257 3918 364 3986 satira
390 3941 431 4010 7,
459 3919 524 4006 80,
557 3929 639 3988 eta
664 3917 890 4004 Quintiliano
915 3918 979 3988 lib.
1007 3917 1055 3987 X.
1087 3921 1131 4006 1,
1160 3922 1219 4012 89,

189 4016 224 4085 si
257 4018 377 4108 Sarpii
408 4021 448 4088 in
480 4020 642 4107 Quaestt.
675 4015 801 4108 philol.
825 4031 871 4108 p.
892 4037 932 4084 11
965 4028 1000 4088 et
1024 4017 1156 4111 Laugii
1180 4023 1221 4092 in

189 4115 371 4185 vindiciis
396 4119 504 4210 Trag.
521 4118 629 4187 Rom.
656 4141 691 4208 p.
708 4135 753 4204 92
793 4115 988 4207 probabilis
1015 4129 1069 4187 est
1092 4122 1223 4191 conie-

190 4223 304 4296 ctura.
355 4216 404 4314 Is,
416 4219 527 4310 igitur
545 4218 723 4285 Serranus
747 4217 971 4308 temporibus
985 4216 1143 4290 Neronis
1157 4221 1219 4294 vi·
1332 4247 1334 4254 ·

190 4315 258 4404 xit,
284 4339 325 4386 ac
338 4317 465 4406 miror,
490 4317 719 4388 Fridericum
734 4313 924 4386 Osenuum
936 4310 994 4408 (F.
1011 4315 1058 4388 Ο.
1072 4320 1111 4389 in
1123 4318 1220 4390 Hatl.

1431 743 1434 820 ¹
