2994 4828
787 255 836 327 32

327 467 354 504 a·
371 445 433 520 pais
449 441 543 514 putet]
565 439 656 496 sehon
673 439 792 510 Horatii,
814 459 868 511 mg.
891 439 1011 494 Pithoni.
1037 438 1174 496 credimus
1204 459 1263 498 csse
1287 446 1371 500 daos?

259 538 352 594 schol.
370 534 463 599 Persii,
480 532 570 602 vulgo.

325 627 353 680 5.
371 622 452 691 saxa]
469 621 521 673 hcc
537 621 667 674 distichon
683 621 767 689 priori
791 619 919 674 adnexum
943 619 1044 686 legitur
1067 616 1097 669 in
1114 617 1201 673 catal.
1220 621 1372 676 Petroniis

259 715 356 769 Biaeto
371 709 451 765 editis
476 719 506 762 et
526 709 596 778 apud
613 709 777 775 Grangaenm
799 708 833 760 ad
849 707 965 760 Iuvenal.
984 708 1013 772 1,
1038 719 1114 777 109„
1137 724 1186 762 nec
1208 728 1223 764 a
1242 710 1371 765 ,venons

260 801 400 875 proficisci,
416 799 465 854 scd
482 815 575 852 recens
592 813 649 850 esse
665 797 853 851 demonstrarit
868 793 1032 852 Wiillncrns.

781 964 842 1040 78.

327 1121 409 1176 Anth.
427 1117 463 1174 V.
478 1117 513 1173 48
530 1126 558 1172 et
573 1118 618 1187 49.
654 1119 729 1188 Opus
745 1117 873 1172 Varronis
888 1117 1007 1185 Atacini,
1031 1137 1066 1173 ex
1091 1136 1145 1190 qno
1169 1119 1199 1174 hi
1215 1138 1304 1174 versus
1321 1139 1371 1176 su-

260 1219 384 1285 percunt,
408 1209 611 1280 chorographia
634 1209 782 1278 appellatur
805 1208 851 1261 rel
872 1211 1004 1266 Varronis
1024 1212 1093 1261 Iter.
1134 1209 1214 1262 Prior
1232 1210 1368 1277 inscriptio

249 1309 335 1356 extat
350 1299 420 1370 apud
435 1297 596 1350 Prisciannm
612 1295 649 1348 Τ.
667 1296 689 1348 Ι.
707 1313 735 1364 p.
758 1310 816 1350 ιιι.
833 1294 948 1380 Krehl„
965 1314 1117 1367 quamquam
1134 1296 1261 1350 Krehlius
1282 1298 1369 1352 Varro

261 1394 292 1446 in
310 1387 511 1460 orthographia
528 1385 620 1450 edidit,
639 1393 666 1436 et
685 1384 712 1436 in
725 1402 774 1436 ms.
793 1383 923 1437 Zwiccav·
961 1387 1049 1440 Varro
1066 1389 1096 1438 in
1105 1385 1315 1458 cosmographia
1327 1384 1369 1438 le-

259 1480 342 1548 gitur,
360 1475 401 1530 cui
417 1474 523 1528 lectioni
539 1474 586 1526 m.
605 1471 759 1528 Wiillnerus
775 1473 857 1540 magis
873 1475 945 1526 iavet
962 1490 1037 1541 quom
1053 1473 1128 1525 alteri
1142 1473 1368 1544 Chorographiae.
1480 1463 1481 1478 ¹

167 1578 170 1584 '
260 1566 388 1620 Kmhlins
403 1564 461 1631 ipse
478 1562 706 1632 orthographiam
720 1579 770 1629 pro
787 1562 856 1614 bona
872 1563 1000 1631 scriptura
1024 1560 1144 1614 habuisse
1167 1563 1290 1627 ridetur,
1312 1577 1370 1613 cum

260 1653 315 1708 alio
332 1667 438 1721 quoque
457 1650 518 1702 loco
535 1651 644 1702 eandem
659 1649 855 1718 inscriptionem
871 1659 993 1717 tueatur,
1007 1669 1034 1720 p·
1052 1668 1128 1720 277.,
1144 1650 1191 1702 ubi
1210 1648 1282 1715 dicit,
1305 1649 1370 1714 „ci-

262 1761 323 1798 cero
348 1742 378 1793 in
400 1739 612 1810 orthographia.
646 1738 787 1790 Pntschius
810 1740 1025 1812 chorographia.
1059 1738 1116 1809 Ego
1138 1737 1278 1792 lectionem
1303 1735 1370 1786 edd.

262 1827 426 1884 retinendam
444 1827 542 1879 censui.
578 1828 781 1898 orthographia
797 1829 867 1881 enim
883 1828 954 1880 idem
972 1827 1107 1897 significat,
1132 1826 1203 1894 quod
1217 1809 1371 1894 cheragra·
1480 1897 1481 1900 Ἴ

261 1915 357 1990 phia.“
371 1943 408 1956 -
423 1913 513 1968 Altera
528 1916 677 1985 inscriptio,
703 1918 837 1972 Varronis
852 1921 930 1988 Iter,
945 1920 974 1972 in
990 1914 1106 1970 Licentii
1128 1913 1235 1966 cannino
1259 1913 1294 1964 ad
1309 1909 1373 1962 Au·
1481 1922 1482 1942 ¹

262 2007 394 2075 guatinum
410 2002 545 2072 (Wernsd.
561 2004 640 2056 Poet.
658 2004 705 2056 lat.
723 2004 759 2058 Τ.
776 2004 826 2057 111.
843 2023 872 2074 Ρ.
890 2007 964 2077 420.)
980 2004 1124 2068 invenitur,
1150 2001 1194 2070 qui
1216 1999 1306 2068 primis
1329 1995 1373 2048 sui

262 2093 381 2148 carminis
396 2091 514 2146 versibus
530 2101 632 2162 partem
648 2096 808 2163 argumenti,
828 2095 902 2164 quod
919 2093 1117 2165 chorographia
1134 2086 1300 2154 continebat,
1322 2103 1373 2138 ex·

262 2182 348 2253 ponit.
762 2168 768 2178 ’

426 2271 568 2329 >ittonam
587 2271 720 2324 Varronis
735 2273 789 2326 iter
805 2274 952 2327 scrutando
964 2267 1102 2344 profundi

424 2376 498 2410 mens
514 2356 605 2422 hebet,
621 2361 808 2430 adversamque
825 2364 893 2430 fugit
911 2363 1053 2416 conterrita
1069 2359 1170 2411 lucem.¹

424 2445 484 2499 Nec
499 2444 606 2494 mirum:
622 2445 693 2497 iacet
710 2449 793 2499 omnis
811 2452 880 2501 enim
895 2468 953 2502 mea
971 2468 1033 2501 cura
1048 2447 1164 2513 legendi,

426 2539 455 2583 te
471 2550 525 2584 non
542 2532 620 2584 dante
635 2550 745 2600 manum,
763 2544 791 2586 et
808 2553 965 2602 consurgere
982 2535 1038 2587 sola
1053 2541 1179 2585 veretur.¹

426 2619 493 2672 Nam
509 2619 586 2672 simul
601 2630 632 2672 ut
648 2624 772 2692 perplexa
787 2624 839 2676 viri
859 2625 1012 2692 compendia
1028 2622 1094 2675 tanti

425 2710 535 2762 volvere
551 2711 633 2763 suasit
650 2730 722 2765 amor
738 2730 876 2782 sacrosque
892 2713 1020 2781 attingere
1037 2727 1137 2777 sensns,

427 2798 504 2870 queis
518 2816 661 2854 numerum
678 2804 754 2856 dedit
773 2803 820 2855 illa
837 2804 908 2856 tonis
924 2805 1105 2873 mundumque
1123 2797 1244 2853 Tonanti

427 2887 557 2940 disseruit
572 2905 669 2945 canere
685 2902 713 2944 et
725 2891 831 2963 pariles
848 2891 959 2963 agitare
975 2894 1101 2946 chereas:

424 2973 556 3042 implicuit
571 2979 640 3031 varia
656 2989 774 3032 cosmum
793 2979 902 3046 caligine
918 2989 1018 3048 peetus,

425 3063 582 3139 induxitque
599 3066 684 3120 amno
700 3086 791 3122 rerum
806 3069 932 3122 violentia
950 3069 1057 3121 nubem.

424 3153 492 3207 lude
508 3154 646 3223 figurarum
663 3140 763 3226 positas
776 3159 804 3212 in
820 3159 930 3228 pulvere
947 3158 1042 3210 formas

330 3260 345 3290 r
425 3259 506 3311 posco
524 3261 616 3313 amens,
632 3246 747 3316 aliasque
763 3265 857 3315 graves
874 3231 1136 3307 offendo'tenebrtst

429 3331 468 3381 ad
483 3348 616 3386 summam
633 3345 769 3388 astrorum
782 3352 881 3406 capsas
899 3336 1039 3405 clarosque
1056 3343 1169 3397 meatus,

390 3406 406 3431 '¹
427 3413 553 3472 obscuros
572 3441 685 3493 quorum
701 3424 748 3478 ille
763 3426 835 3477 sitas
845 3440 898 3493 per
914 3423 1010 3477 nubila
1027 3427 1171 3476 monstrat·

427 3503 472 3557 Sic
486 3506 555 3560 iacui
571 3522 673 3564 namna.

264 3591 306 3645 Ex
322 3589 451 3645 hocloco
477 3607 599 3665 apparet,
622 3617 723 3652 cmmsn
739 3597 864 3654 Varronis
880 3600 1090 3654 obscurissimum
1106 3596 1204 3660 fuisse,
1226 3600 1254 3643 et
1276 3591 1304 3642 in
1322 3591 1374 3641 de-

264 3679 405 3748 scriptione
422 3681 506 3736 totiaa
521 3688 622 3751 mundi,
639 3706 698 3742 cum
714 3691 855 3755 terrestris,
874 3698 931 3742 tum
947 3689 1080 3754 coelestis,
1095 3692 1225 3740 versatum
1235 3697 1314 3745 ΝΘ,
1330 3679 1374 3728 *⁸¹

265 3770 448 3838 geographiam
472 3775 542 3826 coeli
564 3784 643 3845 atque
665 3787 795 3832 terrarum
818 3778 962 3832 continere.
997 3778 1099 3830 Poetae
1124 3770 1271 3842 geographi
1291 3767 1376 3836 εῐθθῦῖ

265 3857 350 3909 simile
376 3869 555 3924 argumentum
578 3864 630 3920 iam
653 3868 724 3936 prius
748 3876 929 3921 tractaverant.
967 3865 1058 3934 Atque
1075 3863 1231 3931 Bernhardy
1256 3859 1378 3912 observat

229 3992 238 4011 ,
265 3946 298 4002 ad
314 3945 426 4016 Dionys.
444 3947 578 4019 Perieget.
595 3974 624 4024 p.
643 3959 713 4022 ham,
729 3954 875 4009 Varronem
893 3953 1118 4022 chorographiam
1141 3969 1213 4002 suam
1229 3948 1262 4000 ad
1279 3945 1378 3997 Erato-

265 4035 364 4090 sthenis
380 4034 538 4092 Mercurium
555 4051 583 4094 et
600 4044 781 4114 Geographica
798 4044 986 4113 composuisse.
1020 4041 1123 4094 Plinius
1144 4054 1209 4091 rero
1225 4037 1308 4088 maior
1324 4035 1380 4086 hcc

266 4143 332 4194 opus
349 4123 474 4181 Varronis
489 4126 517 4178 in
534 4145 608 4182 nsum
625 4149 700 4184 snum
718 4133 878 4185 convertisse
895 4131 1017 4197 videtur,
1035 4137 1066 4180 nt
1082 4145 1116 4180 ex
1132 4126 1224 4180 indice
1241 4133 1380 4176 anctorum

265 4215 328 4267 libri
350 4214 423 4268 tertii
448 4222 476 4266 et
499 4218 583 4285 qamrti
608 4229 720 4284 constat,
744 4222 791 4274 ubi
818 4220 902 4274 Varro
924 4219 1050 4273 Atacinus
1074 4217 1179 4269 citatur.
1220 4210 1381 4264 Memoriam

266 4298 390 4358 Varronis
407 4303 511 4358 Atacini
528 4299 690 4358 adumbrarit
706 4309 880 4363 Ruhnkenius
899 4310 928 4361 in
943 4307 1039 4376 Epist·
1057 4304 1116 4354 crit.
1135 4319 1163 4370 p·
1185 4316 1260 4370 ¹99·s
1283 4306 1383 4366 P⁰⁸tea

267 4386 461 4446 Wernsdcrlius
485 4395 626 4462 fragmenta
648 4391 719 4448 illius
743 4405 839 4465 poetae
864 4395 972 4464 collegit
993 4393 1021 4445 iu
1038 4391 1117 4443 Post.
1141 4390 1188 4442 lat.
1205 4389 1250 4442 ,Τ.
1273 4385 1323 4440 tv.
1349 4401 1380 4453 Ρ.
