2994 4828
665 271 712 340 31

131 469 195 554 quie
211 469 288 540 igme
304 466 435 521 mocimus
450 460 549 516 aerios.
584 459 689 514 Neutro
713 457 777 509 loco
792 455 952 524 interpretes
969 457 1021 511 sim
1040 459 1115 514 rarhi
1132 477 1237 517 marm

130 560 193 614 satis
209 565 345 626 ceperunt.
347 555 364 585 ‘⁴
379 580 415 594 -
430 547 653 617 Peerlkampius'
642 565 671 598 ιιι
680 545 760 598 Obss.
777 543 1014 616 Anacreonticisp.
1028 546 1087 600 261.
1105 551 1238 604 mactmus

130 647 261 715 explicate
278 655 413 698 astrorum
430 649 530 704 matus,
547 647 626 688 artur
641 645 669 687 et
685 651 810 701 cecatus,
826 636 1007 686 cantavimus.
1031 639 1156 692 norimus
1172 641 1237 696 edd.

129 733 224 788 Isidori
241 741 270 784 et
289 733 345 803 ipsa
364 731 507 786 norisdme
522 721 706 790 Lindemanni,
727 721 806 791 prob.
825 720 990 777 Weichertio
1007 723 1086 777 Poet.
1108 726 1154 781 lat.
1172 727 1236 786 Rel.

151 858 159 876 .
178 841 190 877 ι
230 857 238 874 .

129 842 149 893 P
194 837 228 894 ⁹⁷
241 905 388 974 aetherios]
404 922 452 960 rus.
469 901 567 968 Grotii,
583 898 733 956 Weichert.
752 899 842 951 aerios
856 897 947 964 mrlgo.
966 897 1128 956 Wakefield.

195 999 223 1053 ιἰ.
242 994 365 1066 mamea]
383 990 589 1048 munereHand.
605 989 640 1042 ad
657 987 787 1042 Gronovii
803 984 889 1042 Diatr.
907 985 1014 1041 sanan.
1031 1005 1059 1056 p.
1079 991 1138 1060 196.

194 1282 278 1336 Anth.
296 1279 331 1334 11.
348 1279 393 1350 57.
412 1273 538 1334 Wernsd.
556 1271 635 1326 Poet.
655 1272 690 1327 T.
708 1270 758 1326 tv.
775 1289 803 1344 p.
822 1271 882 1342 587.
905 1269 983 1324 Prius
1008 1272 1138 1328 distichon
1152 1275 1238 1330 hahe-

127 1389 184 1426 mus
199 1373 228 1423 iu
244 1369 389 1422 Scholiasta
405 1364 492 1419 Persii
507 1364 542 1429 Π,
560 1363 604 1419 56.
621 1362 684 1417 Atii
699 1363 796 1416 uolunt
810 1364 938 1415 Licinum
954 1372 1087 1417 tonsorem
1103 1385 1138 1419 aa
1152 1363 1239 1422 liher-

129 1471 187 1514 tum
202 1459 326 1531 Augusti
343 1455 468 1510 Caesaris
489 1451 647 1526 significari
666 1451 864 1522 praedivitem,
887 1452 966 1503 cuius
981 1465 1180 1508 monumentum
1195 1465 1239 1509 est

122 1547 240 1620 pretiosi
260 1548 348 1617 aperis
369 1546 419 1600 ria
437 1543 551 1598 Salaria
566 1558 654 1613 prope
676 1539 768 1592 urbem
791 1538 831 1589 ad
852 1538 972 1609 lapidem
999 1544 1155 1595 secundum.
1194 1547 1238 1598 De

125 1638 176 1690 toa
192 1654 246 1688 non
263 1637 435 1689 invenustum
454 1633 586 1688 Varronis
602 1631 772 1699 epigramma
784 1624 898 1694 fertur:

188 1734 371 1787 Marmorea
390 1727 533 1783 Licinus
553 1722 681 1778 tumulo
701 1723 811 1775 iacet:
833 1728 871 1774 at
891 1722 971 1773 Octo
986 1738 1122 1792 parua,-v

251 1815 432 1886 Pompeiae
453 1808 559 1864 nullo.
582 1808 750 1864 credimur
771 1822 843 1860 esse
863 1801 961 1858 deos?

124 1897 209 1968 Porro
226 1915 254 1967 in
270 1912 418 1967 Scholiasta
434 1906 585 1977 Cruquiano
601 1907 636 1959 ad
651 1905 746 1958 Horat.
763 1903 798 1956 A.
816 1904 894 1957 Poet.
912 1904 974 1956 301.
1001 1905 1125 1958 Licino
1141 1924 1236 1962 nomen

126 2005 243 2058 tonsoris
262 1999 387 2073 famati,
413 1998 463 2068 qui
481 2005 581 2066 pastea
601 1996 704 2048 dicitur
721 1993 821 2067 sactus
843 2003 954 2047 senator
974 2013 994 2046 a
1011 1997 1140 2065 Curare,
1163 1997 1237 2068 quod

125 2093 228 2146 odisset
242 2089 412 2159 Pompeium,
430 2087 463 2138 de
478 2102 532 2157 quo
548 2086 599 2138 hoc
614 2085 748 2154 scriptum
764 2091 805 2136 est
820 2083 1004 2153 epitaphium.-

189 2189 373 2241 Mormoreo
394 2181 522 2234 tumulo
542 2181 687 2235 Licinus
706 2180 815 2248 iacet,
838 2185 875 2232 at
897 2181 976 2234 Cato
996 2177 1106 2248 nulio,

252 2268 431 2340 Pompeius
448 2285 573 2338 parco.-
596 2267 672 2340 quis
689 2275 789 2339 putet
806 2282 879 2320 esse
899 2260 998 2317 daos?

124 2369 241 2427 Varroni
258 2369 366 2422 Atacino
383 2367 540 2437 epigramma
556 2366 706 2419 tribuerunt
721 2364 888 2434 interpretes,
903 2381 957 2416 non
972 2361 1012 2414 M.
1030 2361 1157 2416 Terentio
1164 2362 1234 2418 var-

125 2459 183 2511 roni
202 2456 330 2524 Reatino,
350 2465 446 2526 utpote
462 2455 560 2508 iuniori
576 2464 687 2525 poetae,
705 2453 765 2522 qnia
779 2454 808 2505 in
823 2454 948 2505 libortum
964 2449 1076 2518 Augusti
1099 2453 1152 2505 hoc
1176 2455 1235 2522 epi-

124 2547 245 2616 taphium
263 2556 304 2598 est
317 2549 424 2612 factm,
441 2545 464 2596 si
480 2543 645 2598 Scholiastne
662 2540 746 2598 Persii
763 2541 829 2615 fides
846 2541 896 2592 erit
912 2540 1040 2593 habenda.
1076 2540 1132 2594 Sed
1146 2543 1236 2596 serior

124 2653 182 2688 erse
199 2635 304 2687 ridetur
320 2635 428 2690 alterius
446 2635 607 2688 scholiastae
631 2631 792 2686 observatio.
826 2629 878 2682 Hic
893 2629 989 2682 Iulium
1006 2631 1158 2697 Caesarem,
1181 2647 1235 2683 non

123 2724 268 2790 Augustum
284 2704 422 2792 inteiligit,
444 2724 482 2776 ita
497 2732 528 2776 nt
544 2723 573 2774 in
594 2721 780 2790 epigrammate
796 2719 863 2772 Cato
885 2727 961 2786 atque
977 2719 1117 2794 Pompeius
1140 2719 1235 2772 adror-

125 2809 186 2861 sarii
204 2807 265 2865 Iulii
283 2808 409 2874 Caesaris,
428 2809 595 2861 acerbissimo
615 2808 794 2877 appellentur.
828 2807 865 2858 At
881 2806 909 2858 in
924 2817 1046 2860 neutrum
1064 2822 1155 2857 eorum
1171 2823 1235 2858 rer-

125 2913 169 2947 sus
193 2893 287 2946 fecisse
305 2894 451 2949 Varronem
466 2896 606 2949 Atacinum
627 2895 768 2949 arbitratur
784 2894 831 2946 Fr.
849 2893 1003 2950 Wiillnerus
1026 2895 1053 2946 in
1070 2897 1235 2948 Commenta-

123 2982 197 3034 tiono
215 2978 299 3033 doP
316 2979 435 3036 Varrone
451 2983 563 3037 Atacino
579 2981 743 3050 (monaterii
761 2981 847 3050 1829).
883 2983 961 3035 Hunc
978 2975 1048 3033 enim
1063 2982 1193 3050 poetam
1184 2999 1235 3034 rane

124 3079 223 3122 antea.
243 3085 270 3120 ιι.
262 3084 355 3140 7.17,
377 3089 402 3121 a.
419 3071 453 3139 57
478 3080 539 3138 ente
558 3069 691 3121 Christum
709 3070 779 3122 diem
797 3070 895 3122 obiisse
912 3057 1065 3123 verisimile
1078 3086 1135 3120 esse
1160 3069 1234 3122 dicit.

67 3189 68 3196 1
126 3158 194 3210 Cum
217 3156 313 3209 deinde
336 3157 404 3210 alins
428 3158 498 3210 libor
515 3155 656 3223 Varronis,
679 3159 724 3226 qni
747 3157 900 3210 inscribitur
920 3132 1026 3209 Bellum
1042 3158 1235 3227 Sequanicum,

124 3243 234 3310 indicet,
250 3243 420 3298 Varronem
410 3255 481 3300 rnter
498 3246 615 3301 Caesaris
634 3255 722 3314 partes
735 3247 830 3314 fuisse,
845 3265 898 3300 non
913 3245 1117 3313 Pompeianum,
1137 3245 1234 3300 nhllatn

124 3333 252 3388 rationem
275 3351 332 3386 esso
356 3343 445 3404 putat,
470 3355 516 3392 cur
538 3337 568 3389 in
584 3333 703 3403 Caesada
719 3335 828 3389 amicum
852 3353 912 3389 eum
935 3334 1068 3402 ecripsisse
1090 3335 1232 3389 credamus.

126 3423 222 3490 Quare,
240 3441 298 3476 cnm
316 3424 386 3476 alter
401 3424 488 3480 codex
504 3424 667 3480 scholiastae
683 3423 768 3476 Persii
785 3423 888 3490 Tironi,
904 3441 957 3476 non
973 3421 1098 3487 Varroni,
1095 3393 1174 3476 hoc
1189 3425 1234 3476 di-

124 3511 228 3562 stiohon
245 3511 383 3580 inscribat,
406 3513 474 3568 hanc
491 3513 634 3568 lectionem
650 3514 776 3583 praetulit
792 3514 959 3570 Wiilluerus.
994 3511 1120 3564 Tironem
1137 3521 1232 3579 antem,

126 3598 259 3652 Ciceronis
275 3551 410 3669 libertuin,
426 3621 510 3674 usque
526 3604 560 3658 ad
577 3604 623 3658 01.
644 3606 702 3672 193,
722 3603 749 3657 4.
767 3604 880 3670 vixisse,
897 3620 931 3656 ox
947 3600 1109 3672 Hieronymo
1126 3601 1232 3656 animun

194 3703 219 3741 1.
234 3688 349 3744 Licinus
365 3693 481 3762 tumulo]
505 3695 607 3748 tumulo
622 3697 739 3749 Licinus
755 3693 819 3748 Sch.
843 3691 959 3746 Horatii.
993 3689 1114 3742 Llcinnrn
1138 3709 1234 3761 nomen

124 3776 204 3830 fuisso
222 3776 335 3828 tonsoris
351 3778 453 3846 divitis,
475 3783 520 3836 hic
537 3801 626 3838 versus
644 3785 737 3852 docet,
754 3783 842 3854 itaque
859 3783 887 3834 in
906 3780 1036 3834 luvenalis
1053 3779 1106 3832 Sat.
1123 3781 1153 3846 I,
1173 3791 1232 3851 τοι.

125 3873 154 3918 et
171 3863 253 3932 XIV,
269 3865 331 3918 506.
353 3868 425 3922 idem
441 3870 563 3939 Licinus,
584 3891 638 3927 non
654 3872 787 3942 Licinius,
803 3881 834 3924 ut
850 3869 965 3940 Ruperti
981 3868 1109 3938 explicat,
1131 3868 1234 3924 intelli-

124 3952 225 4021 gendus
244 3961 294 4020 est,
311 3963 338 4006 ct
352 3955 382 4008 in
398 3957 514 4013 Senecae
530 3961 582 4030 Ep.
603 3977 652 4034 ¹¹9
669 3972 698 4016 et
717 3978 775 4014 120.
791 3979 889 4014 nomen
906 3957 1001 4026 corrigi
1018 3949 1109 4010 debet.

191 4043 260 4096 Gaio
277 4044 361 4112 nullo,
377 4049 411 4100 Ρ.
431 4049 531 4118 paruo]
556 4051 648 4112 Schol.
674 4049 790 4104 Horatii.
817 4067 878 4102 rues.
895 4046 975 4101 Voss.
1000 4054 1029 4098 et
1044 4045 1183 4117 scaligeri,
1205 4055 1234 4098 et

1265 3988 1279 4022 fl

126 4145 160 4184 ex
177 4132 271 4184 ceteris
279 4132 401 4203 Pompeii
418 4136 559 4207 epitaphiis
575 4147 684 4204 constat,
701 4148 806 4192 nactum
817 4155 877 4190 eum
894 4153 950 4189 ease
967 4136 1099 4188 tumulum
1115 4149 1231 4201 parvum.
1343 4151 1349 4165 ·

126 4229 158 4274 at
174 4223 241 4274 cato
254 4239 380 4291 parra,
396 4227 543 4296 Pompeius
558 4228 633 4280 nullo
650 4229 742 4295 vulgo.
759 4230 912 4281 Marmorea
928 4225 1042 4301 minus
1060 4221 1161 4274 tremulo
1185 4229 1233 4274 te-

124 4323 168 4448 {a
167 4317 241 4450 :1cm
259 4312 327 4364 <iota
340 4330 445 4382 paruo:
462 4304 608 4385 Pompeius
624 4317 709 4370 nullo.
744 4317 830 4370 Ored
836 4317 847 4368 i
853 4316 900 4368 tie
915 4329 973 4366 erse
985 4307 1068 4365 deas?
1085 4306 1231 4364 Canobon.

190 4430 197 4447 .
243 4418 255 4468 q
268 4400 304 4454 lt.
323 4419 351 4470 p.
370 4401 430 4472 716.
850 4420 853 4426 ·
