3000 4820
721 204 924 312 ..re-
1019 323 1020 326 ψ

480 404 586 468 Curru
608 412 758 488 paventes
778 397 871 490 ⁸duxit
890 397 945 462 ille
965 397 1096 479 bestias,

480 503 575 570 Mero
595 515 756 592 gravatas,
783 488 941 590 agminari
963 503 1097 583 nescias,

480 611 521 674 Et
541 632 615 694 quas
639 607 806 672 domarent
828 607 934 673 vincla
955 620 1044 673 coetu
1058 612 1203 695 garrule.

481 711 544 778 Sed
565 713 648 777 mira
669 713 769 777 nostri
792 711 898 776 forma
918 725 1038 779 constat
1057 715 1172 797 seculi,

479 818 599 883 Pardos
621 814 759 896 feroces,
786 816 945 880 saeviores
966 817 1113 904 tigribus,

480 922 634 987 Praedam
654 921 757 1008 sagaci
781 944 857 984 nare
878 921 970 986 mites
993 947 1144 1010 quaerere

480 1026 606 1090 Canum
629 1025 710 1090 iuter
731 1049 862 1111 agmen,
889 1039 919 1091 et
939 1025 1060 1093 samem
1081 1030 1188 1095 doctos
1209 1025 1292 1115 pati,

481 1129 647 1216 Quidquid
669 1143 848 1217 capessunt,
870 1154 927 1196 ore
948 1129 1035 1198 ferre
1055 1134 1172 1199 baiulo.

482 1235 513 1298 Ο
536 1235 619 1321 quod
641 1235 789 1321 magister
811 1247 915 1301 terror
936 1248 982 1300 est
1001 1240 1203 1316 mortalium,

482 1337 579 1403 Diros
602 1337 743 1404 ferarum
764 1338 819 1428 qui
839 1339 977 1405 retundit
998 1341 1152 1430 impetus,

472 1434 596 1509 ¹Morsu
616 1456 759 1530 repertos
781 1455 814 1508 ut
835 1441 922 1508 cibos
944 1468 1010 1510 non
1032 1432 1187 1533 adpetant.

615 1737 660 1803 In
678 1623 867 1824 psaltriidi
883 1732 1038 1819 foedum.

443 1865 527 1930 Cum
547 1861 637 1925 saltas
657 1860 777 1926 misero
798 1861 925 1946 garrula
945 1883 1099 1949 corpore,

441 1969 513 2034 Nec
534 1965 681 2051 cuiquam
701 1965 802 2031 libido
824 1978 886 2048 est,
907 1965 1058 2058 horrida,
1075 1968 1161 2054 quod
1181 1969 1274 2053 facis;

443 2075 592 2138 Insauam
612 2071 719 2155 potius
738 2083 768 2135 te
789 2070 893 2156 probo
915 2071 1096 2157 psaltriam,

445 2177 537 2261 Quae
556 2175 687 2240 foedam
709 2172 823 2238 faciem
839 2175 980 2239 motibus
1002 2176 1161 2263 ingraves.

444 2282 503 2360 Et,
525 2279 605 2343 dum
627 2279 810 2365 displiceas,
831 2300 973 2364 quosque
993 2279 1074 2346 seras
1094 2284 1198 2367 iocos,

444 2383 570 2464 Credis,
592 2384 677 2469 quod
698 2384 861 2470 populum
882 2381 1031 2469 cymbala
1051 2388 1218 2454 mulceant.

445 2490 553 2556 Nemo
575 2487 732 2552 iudicium
752 2487 815 2567 tale
835 2485 937 2552 animi
956 2487 1051 2574 gerit,

431 2585 510 2666 'Pro
531 2607 562 2660 te
582 2616 648 2658 nou
669 2593 764 2660 etiam
785 2591 899 2682 gaudia
920 2589 1073 2661 deserant.

285 2893 372 2960 Item
385 2887 426 2954 de
439 2885 570 2959 eodem,
594 2907 697 2972 quae,
718 2893 757 2948 ut
772 2893 966 2960 amaretur,
988 2887 1143 2972 proemia
1150 2893 1380 2976 promittebat.

355 3011 457 3098 'Quid
475 3007 571 3089 lacis,
593 3020 628 3072 ut
648 3007 791 3094 pretium
812 2997 991 3094 poscendo,
1013 3011 1159 3096 garrula,
1179 3017 1318 3084 ameris?

354 3189 360 3200 ἱ
411 3117 461 3180 Te
485 3112 642 3199 pretium,
662 3134 704 3174 ne
726 3122 757 3176 te
778 3113 883 3179 oderis
904 3114 975 3201 ipsa
993 3114 1103 3182 simul.

370 3219 517 3286 Praemia
538 3239 596 3282 cur
616 3213 743 3302 perdis,
772 3239 831 3282 our
850 3218 989 3305 spondes
1011 3242 1145 3288 munera
1162 3225 1278 3294 tantist

413 3323 537 3408 Accipe
557 3333 592 3386 tu
605 3320 765 3407 pretium,
792 3343 834 3386 ue
854 3322 937 3406 milri
958 3322 1041 3393 dona
1061 3323 1153 3392 feras.

288 3443 322 3505 5·
373 3428 449 3492 Non
466 3417 510 3490 est
531 3438 595 3490 tam
616 3424 761 3510 petulans
782 3424 964 3511 pariterque
983 3426 1112 3494 insanus
1134 3445 1271 3518 amator,

412 3532 478 3616 Qui
498 3545 528 3597 te
540 3553 614 3595 uon
635 3529 742 3594 credat
761 3527 941 3623 prodigiale
959 3533 1095 3599 malum.
1131 3555 1136 3566 ¹
1222 3515 1227 3522 ¹

373 3637 434 3700 Sed
454 3636 480 3699 si
504 3635 585 3700 forte
612 3632 899 3720 aliquismoecbus
921 3636 1061 3703 surrexit
1080 3638 1119 3704 ab
1140 3642 1278 3730 umbris,

415 3739 567 3804 Cui‘talis
588 3740 727 3824 placeas,
752 3736 830 3800 huie
849 3749 902 3802 tua
923 3739 1008 3808 dona
1028 3742 1110 3812 dato.

765 3957 768 3963 ·
790 3923 874 3996 370.

552 4031 596 4096 Iu
625 4028 787 4096 ebriosam
814 4033 901 4099 satis
923 4036 1111 4105 meientem.

301 4193 302 4198 κ
345 4205 347 4210 ,
372 4150 469 4234 Quod
491 4151 572 4217 bibis
593 4167 625 4218 et
648 4166 753 4220 totum
773 4156 910 4226 demittis
931 4159 971 4228 ab
992 4160 1125 4250 inguine
1144 4163 1307 4232 Bacchum

413 4255 487 4320 Pars
510 4255 566 4320 tibi
586 4259 735 4342 superior
756 4260 864 4328 debuit
884 4285 950 4330 esse
974 4263 1092 4332 femur.
