2876 4824
734 196 792 250 XL

206 397 362 474 constat,
392 406 460 453 nec
487 379 628 465 dubito,
656 375 820 468 quinalia
838 377 1196 468 praeterealateant,
1224 402 1317 472 quae

206 489 296 558 falso
316 487 441 556 itidem
461 478 681 569 antiquitatis
707 498 795 566 prae
827 500 866 544 se
890 477 1014 546 lerunt
1041 479 1217 570 speciem·
1247 482 1318 550 Pi..

206 589 336 658 thoeus
363 582 460 650 enim
483 581 522 646 in
548 576 756 667 colligendis
790 577 1055 667 epigrammatis
1082 577 1205 661 multo}
1228 581 1318 650 dili-

207 687 470 781 gentiorquam
493 677 711 769 prudentior
737 687 830 764 erat,
857 693 938 744 'uec
951 678 1182 746 Burmannus
1214 680 1317 749 eius-

207 788 290 855 dem
316 781 445 870 culpae'
465 777 638 846 immunis
665 786 729 844 est.
779 774 833 844 Ac
857 776 971 846 multo
1005 778 1143 846 maiore
1167 776 1317 849 Antho-

207 884 338 974 logiam
374 879 524 948 latinam
564 876 670 946 laude
701 887 808 968 atque
841 875 983 945 honore
1021 877 1129 969 vulgo
1167 881 1319 950 fruitam

205 984 317 1053 luisse
345 980 522 1066 arbitror,
562 976 634 1044 nisi
667 977 884 1044 miserorum
916 979 1117 1046 carminum
1142 1003 1318 1051 numerus

206 1108 228 1152 a
256 1081 467 1149 Burmanno
485 1087 690 1166 ,tantopere
723 1087 848 1145 auctus
883 1090 986 1150 esset.
1035 1079 1189 1148 Pessimi
1229 1105 1316 1152 vero

206 1181 370 1254 omnium
396 1189 481 1248 sunt
505 1188 696 1264 centones,
724 1199 879 1268 quorum
899 1187 955 1244 tot
977 1178 1211 1248 Burmannus·
1235 1182 1320 1250 edi-

207 1283 279 1368 dit,
306 1301 468 1371 quosque
498 1299 638 1347 summo
665 1299 725 1343 me
738 1271 868 1344 'taedio
894 1281 1164 1365 percucurrisse
1189 1281 1319 1350 fateor.

205 1381 384 1471 Pleraque
415 1377 525 1469 igitur
558 1385 767 1466 poematum
797 1375 1044 1444 recentiorum
1075 1379 1114 1445 in
1138 1380 1319 1469 appendi-

209 1503 288 1548 cem
315 1478 384 1569 (ep.
413 1467 698 1566 1557-1606.)
726 1475 853 1544 reieci:
890 1475 954 1542 sed
987 1499 1070 1544 cum
1094 1500 1169 1544 non
1197 1481 1319 1548 omnia

208 1581 249 1649 in
275 1603 355 1647 eam
379 1576 544 1668 redigere
567 1575 712 1661 liceret,
749 1597 882 1662 ,verum
906 1574 1050 1665 multis,
1085 1599 1240 1668 quorum
1274 1579 1320 1648 de

209 1678 422 1770 antiquitate
441 1677 593 1766 amplius
608 1674 881 1750 deliberandum
906 1676 1048 1762 censui,
1075 1676 1190 1768 idem,
1210 1703 1318 1769 quem

160 1821 164 1830 ,
209 1781 250 1847 in
282 1777 442 1845 editione
470 1775 673 1842 Burmanni
706 1784 844 1861 tenent,
881 1772 982 1841 locus
1024 1775 1163 1842 dandus
1204 1790 1319 1868 esset,

212 1888 343 1954 cuncta
376 1874 585 1970 singulatim
616 1873 678 1950 hic
700 1873 740 1948 in
764 1874 952 1970 prooemio
980 1874 1149 1966 colligere
1173 1877 1295 1946 malui.

310 2059 379 2151 ΕΡ.
407 2056 466 2134 63,
504 2051 684 2124 Ciceronis
702 2053 739 2130 ia
757 2053 797 2123 T.
817 2053 1013 2129 Caniniam
1024 2055 1204 2126 Rebilum.
1240 2059 1321 2130 Ne-

212 2186 273 2232 mo
302 2160 412 2246 dixit,
445 2181 516 2250 quo
546 2159 586 2225 in
612 2156 736 2224 codice
760 2154 801 2220 hi
826 2179 952 2225 versus
978 2158 1122 2230 iambici
1145 2157 1321 2250 legantur.

211 2258 422 2333 Macrobius
448 2259 545 2334 enim
571 2256 661 2326 haec
685 2253 798 2340 verba
821 2266 939 2323 metro
956 2256 1074 2326 soluto
1090 2257 1221 2345 refert,
1248 2283 1323 2327 un-

214 2361 261 2436 de
286 2357 445 2448 Scaliger
471 2381 512 2434 ea
536 2378 689 2431 numero
716 2375 911 2423 exornasse
932 2355 1085 2425 videtur.
1273 2353 1276 2366 '

314 2475 383 2566 Ep.
411 2472 468 2564 69.
522 2471 557 2541 C.
582 2470 669 2546 Iulii
705 2468 873 2538 Caesaris
911 2471 948 2543 ia
981 2494 1135 2563 pueram
1159 2433 1323 2541 submer-

215 2599 308 2648 sum.
359 2570 432 2642 Alii
456 2572 549 2644 Iulio
577 2572 740 2659 Caesari,
768 2570 828 2639 alii
846 2571 991 2646 Caesari
1007 2572 1238 2661 Germanico,
1265 2576 1325 2643 alii

217 2675 418 2750 Octaviano
435 2672 581 2741 Caesari
596 2667 777 2762 Augusto,
806 2672 866 2739 alii
892 2663 1047 2763 denique
1059 2672 1236 2742 Marbodo
1251 2676 1324 2748 tri·
1387 2685 1389 2692 '

215 2775 384 2850 busbant.
434 2770 537 2850 Idem
563 2771 785 2864 epigramma
805 2772 862 2839 bis
877 2772 934 2868 ,in
960 2769 1180 2864 Anthologia
1200 2795 1325 2864 graeca

215 2876 370 2968 legitur,
397 2896 481 2941 cum
505 2873 601 2944 inter
625 2869 786 2966 Philippi
811 2871 969 2940 carmina
996 2895 1051 2967 ep.
1081 2892 1139 2964 71.
1165 2874 1237 2946 vid.
1263 2874 1325 2940 Ia-

218 2975 331 3046 cobsii
352 2971 542 3044 Animadv.
570 2969 617 3038 Τ.
632 2969 678 3038 II.
705 2971 745 3038 P.
765 2990 798 3036 a.
821 2995 857 3062 p.
879 2975 971 3058 198,
994 2981 1073 3039 tarn
1095 2973 1192 3041 inter
1205 2971 1325 3040 Flacci

218 3077 484 3168 epigrammata.
535 3068 646 3139 Anth.
669 3069 820 3140 Palatin.
847 3069 906 3139 lib.
925 3070 1008 3160 Vll,
1036 3071 1119 3139 542.
1171 3073 1325 3140 Carmen

217 3176 371 3252 latinum
397 3195 417 3238 e
443 3159 573 3262 graeco
600 3194 622 3237 a
637 3171 842 3264 recentiore
860 3183 968 3261 poeta
993 3195 1210 3246 conversum
1237 3196 1324 3260 esse,

218 3276 422 3345 docuerunt
442 3263 590 3337 Bonada
616 3267 699 3337 Vol.
714 3268 761 3334 ΙΙ.
781 3293 815 3357 p.
835 3269 930 3354 264,
946 3273 1138 3338 Bimardus
1162 3271 1201 3334 iu
1220 3269 1324 3338 The-

220 3397 326 3443 sauro
352 3369 547 3445 Muratorii
572 3366 619 3441 Τ.
635 3365 662 3433 l.
688 3389 722 3460 Ρ.
736 3363 807 3456 55.,
826 3365 1073 3454 D'Orvillius,
1102 3367 1324 3441 Schraderus

223 3474 261 3543 in
288 3471 390 3562 epist.
418 3469 495 3542 crit.
520 3492 556 3559 p.
585 3466 643 3532 62.

319 3569 387 3659 Ep.
415 3588 472 3655 70·
511 3564 602 3636 Iulii
630 3559 807 3632 Caesaris.
859 3563 1061 3633 Scriverius
1086 3574 1123 3633 et
1137 3563 1324 3637 Fabricius

220 3667 313 3739 Bibl.
324 3670 385 3737 lat.
400 3667 445 3734 Τ.
456 3665 484 3734 Ι.
501 3692 536 3758 p.
548 3665 620 3753 274
631 3665 685 3733 ed.
700 3665 845 3732 Ernest.
865 3664 1031 3756 spurium
1049 3687 1128 3733 esse
1143 3664 1324 3739 dixerunt.

319 3769 388 3860 Ep.
417 3766 475 3853 87.
527 3763 677 3856 Virgilii
709 3762 878 3834 Maronis
912 3761 950 3828 ia
983 3761 1207 3854 Angustum.
1269 3769 1327 3839 De

220 3871 278 3940 his
298 3869 439 3938 duobus
463 3868 628 3938 versibus
654 3866 746 3934 mire
770 3861 977 3934 fabulantur
1002 3866 1081 3935 aevi
1105 3865 1216 3934 medii
1232 3870 1325 3936 scri-

220 3983 356 4070 ptores.
406 3965 615 4040 Alexander
640 3962 758 4035 Abbas
785 3964 943 4035 Celesini
958 3964 1173 4035 Monasterii
1195 3967 1255 4034 lib.
1273 3968 1325 4036 Ill

222 4070 403 4138 derebus
428 4066 538 4157 gestis
564 4065 715 4158 Rogerii
742 4064 884 4134 Siciliae
909 4065 1007 4157 regis
1030 4090 1066 4157 p.
1096 4085 1164 4132 ιρι)
1191 4068 1327 4156 scribit,

222 4169 419 4264 Virgilirnn
440 4163 596 4256 Neapoli
630 4166 832 4250 dominium
855 4165 1041 4253 habuisse,
1068 4175 1104 4233 et
1125 4164 1177 4233 ibi
1199 4165 1326 4257 ingens

223 4264 396 4345 volumen
420 4259 641 4336 hexametris
658 4266 824 4336 versibus
841 4265 1108 4358 composuisse,
1127 4273 1164 4334 et
1181 4269 1232 4358 (p.
1245 4265 1326 4355 127)
