3000 4820
699 218 902 328 „HL

759 421 843 499 465.

649 513 949 603 Pompeianus.
983 517 986 527 ’
1234 593 1236 596 ,

339 615 524 684 Memnonis
538 623 571 680 ut
590 617 728 702 genitrix
745 617 895 685 infecerat
907 617 1041 684 humida
1051 618 1188 701 eoelum,

380 723 422 785 Et
441 721 539 785 roseis
560 723 707 788 manibus
728 723 833 788 sidera
853 723 1034 811 dispulerat,

334 825 480 892 Phoebus
503 807 658 893 litlantois
679 850 698 893 e
716 827 862 892 fluctibus
883 849 994 894 aureus
1015 823 1136 899 orbem‘

376 930 504 998 Sustulit
524 929 714 1018 igniferum,
736 931 855 1020 luxque
876 932 1003 1020 diesque
1022 919 1118 999 redit.

748 1092 833 1169 466.

653 1184 950 1252 Maximianus.
1051 1271 1053 1274 Ι

330 1291 464 1358 Praevia
484 1289 673 1360 flammiferi
694 1312 802 1355 currus
824 1293 955 1357 Aurora
979 1290 1122 1373 rubebat,

372 1398 598 1485 Extuleratque
618 1397 680 1460 alto
700 1396 822 1482 gurgite
842 1394 987 1460 Phoebus
1008 1383 1135 1482 equos.¹

330 1500 587 1592 Noctivagosque
607 1499 704 1567 simul
724 1500 821 1565 radiis
845 1499 1047 1584 flagrantibus
1066 1501 1156 1586 ignes

371 1607 544 1694 Depulerat
564 1608 653 1672 coelo
672 1601 913 1690 reddideratque
933 1606 1031 1672 diem.

711 1853 752 1919 V
756 1767 860 1921 initi
867 1881 895 1921 s.

328 1953 398 2020 Vix
418 1954 548 2022 Aurora
568 1977 626 2024 suo
646 1947 846 2024 rubefecerat
864 1959 987 2025 aethera
1010 1975 1105 2021 curru

371 2062 566 2147 Summaque
587 2061 716 2126 canebat
734 2065 860 2128 roribus
883 2063 981 2129 herba
1001 2062 1108 2143 novis,

327 2165 457 2232 Prosilit
476 2188 493 2228 e
514 2163 629 2227 mediis
652 2166 787 2233 candens
808 2182 877 2233 rota
899 2168 1045 2252 Tethyos
1068 2163 1162 2230 undis
1219 2183 1224 2191 ‘

369 2273 410 2336 Et
432 2293 511 2356 vaga
534 2281 692 2336 cesserunt
709 2271 813 2336 sidera
827 2271 904 2336 solis
919 2269 1018 2357 equis.

753 2422 837 2500 tos.

682 2510 716 2580 B
723 2538 745 2579 a
753 2517 790 2580 si
799 2516 814 2579 l
820 2517 834 2580 i
842 2539 899 2580 us.

326 2618 434 2706 Surgit
454 2617 493 2682 ab
515 2617 644 2684 Oceano
665 2619 800 2685 Tithoni
828 2617 950 2706 fulgida
968 2615 1096 2700 coniux,

366 2727 409 2790 Et
429 2716 515 2790 veste
535 2723 573 2788 ab
594 2748 685 2790 rosea
704 2725 854 2790 subrubet
874 2724 942 2812 ipse
962 2723 1065 2811 polus,

325 2833 409 2898 Cum
428 2829 573 2894 Phoebus
594 2829 692 2896 radiis
713 2829 849 2895 rutilum
871 2825 1068 2914 cingentibus
1090 2823 1202 2890 orbem

363 2935 505 3022 Depellit
527 2934 670 2999 tenebras
691 2958 819 3020 noxque
842 2944 968 3023 peracta
982 2931 1053 2997 fuit.

485 3091 883 3166 XII.⁴Scholostieorum
902 3099 1091 3167 Poetarum
1173 3192 1176 3198 Ἦ

761 3201 820 3254 Iris.

747 3319 831 3404 469·

519 3458 521 3463 ·
637 3414 943 3482 Maximianus.

320 3518 530 3584 Thaumantis
551 3520 658 3607 proles
679 3516 816 3583 varianti
838 3527 923 3579 veste
942 3511 1113 3598 refulgens,

322 3623 507 3687 Multicolor
529 3623 614 3711 picto
634 3647 692 3710 per
715 3622 823 3711 nubila
852 3619 978 3684 devolat
995 3637 1071 3681 areu

319 3727 395 3812 Iris,
416 3740 446 3792 et
467 3729 585 3815 insigni
607 3729 735 3793 decorat
751 3725 938 3820 cirruamine
962 3722 1099 3788 eoelum.

692 3970 733 4040 V
736 3882 843 4038 iiiiii
851 3996 879 4038 s.

320 4078 405 4144 Cum
425 4079 474 4144 abl
493 4079 630 4145 ardentis
650 4079 757 4144 radios
778 4079 813 4144 in
832 4076 941 4142 nubila
960 4072 1044 4155 iecit,

318 4179 468 4270 Cumque
487 4183 653 4248 colorifico
674 4184 802 4249 nimbos
824 4182 948 4268 fulgore
968 4175 1118 4266 replevit,

318 4288 463 4375 Adparet
485 4287 583 4353 variis
605 4288 751 4354 distincta
772 4287 931 4353 coloribus
951 4285 1024 4348 Iris.
