2992 4826
803 246 853 318 54

361 436 466 534 Atque
485 440 606 511 urbane
627 438 771 524 Progne,
800 457 880 524 quae
900 435 1023 502 circum
1044 440 1191 524 gramina
1209 436 1298 506 fusae

358 551 409 618 Ac
431 547 545 616 molles
566 544 670 612 violas
692 553 784 619 cantu
807 565 863 608 sua
883 565 959 608 rure
982 543 1139 612 colebant.

659 779 822 850 Petronii
842 778 992 848 Arbitri.

354 888 451 957 Idaeo
472 887 578 978 quales
599 883 682 954 fudit
703 884 743 950 de
763 884 884 951 vertice
903 887 998 964 flores

354 995 459 1064 Terre
479 1013 612 1081 parens,
642 1011 717 1056 curn
737 1015 771 1057 se
792 988 936 1056 confesso
956 989 1065 1056 iunxit
1084 992 1189 1057 amori

353 1099 492 1188 Iupiter,
513 1110 544 1163 et
563 1108 629 1162 toto
651 1097 797 1187 concepit
815 1108 944 1187 pectore
963 1094 1122 1178 flammeo,

350 1205 523 1272 Emieuere
542 1223 634 1267 rosae
654 1201 822 1290 violaeque
843 1213 874 1270 et
893 1201 995 1266 molle
1019 1221 1176 1289 cyperon,

245 1318 290 1404 x5
354 1305 503 1396 Albaque
524 1305 564 1370 de
583 1300 684 1371 viridi
703 1306 842 1374 riserunt
862 1305 931 1372 lilia
949 1317 1052 1392 prato.

353 1414 444 1480 Telis
464 1413 581 1478 humus
603 1411 768 1478 Venerem
788 1412 905 1478 molles
927 1408 1078 1474 clamavit
1099 1408 1280 1498 inberbes,

304 1521 307 1530 “
353 1515 592 1604 candidiorque
613 1515 680 1582 dies
699 1528 820 1583 secreto
844 1513 927 1582 favit
948 1515 1063 1583 amori.

781 1641 864 1718 153.
908 1707 914 1730 ,

655 1751 816 1820 Petronii
834 1733 985 1822 Arbitri.

328 1869 402 1936 Heu
422 1867 485 1934 hen
501 1889 561 1932 noo
581 1865 734 1954 miseros,
756 1889 853 1955 quam
872 1880 953 1936 totus
972 1869 1148 1937 homuncio
1169 1869 1218 1936 nil
1237 1872 1302 1935 cet!

330 2057 385 2122 Sic
403 2056 524 2122 erimus
545 2055 666 2140 cuncti,
686 2068 857 2144 postquam
874 2081 935 2124 nos
956 2057 1077 2125 auferet
1097 2057 1214 2125 Orcus.

370 2161 459 2248 Ergo
480 2160 643 2246 vivamus,
664 2159 744 2226 dum
763 2160 838 2226 licet
859 2185 927 2229 ease
946 2163 1040 2230 bene.
1157 2167 1159 2172 ’

651 2414 812 2485 Petronii
832 2416 989 2486 'Arbitri

346 2519 439 2592 Artis
459 2545 589 2589 severae
608 2521 636 2588 ai
657 2521 727 2610 quie
748 2521 857 2588 hamat
876 2523 1014 2605 effectus,

346 2628 555 2715 Montemque
574 2627 700 2716 magnis
721 2627 877 2717 applicet,
901 2628 991 2718 prius
1013 2650 1107 2694 more

349 2732 547 2822 Frugalitatie
567 2736 637 2821 lege
659 2734 779 2822 polleat
802 2745 923 2804 exacta

347 2839 420 2906 Nec
442 2850 532 2905 curet
552 2839 614 2905 alto
635 2839 759 2925 regiam
778 2852 903 2906 trucem
922 2839 1025 2924 vultu,

348 2943 502 3010 Cliensve
523 2968 635 3011 coenae
656 2943 874 3033 inpotentium
894 2957 1005 3033 captet,

349 3050 424 3116 Nec
443 3050 574 3139 perditio
596 3049 737 3136 addictus
756 3052 872 3118 obruat
892 3051 972 3118 vino

347 3153 468 3222 Mentis
490 3156 641 3238 calorem,
662 3163 748 3223 neve
768 3155 955 3244 plausor-in
970 3179 1063 3223 oceno

349 3260 392 3324 Se
413 3258 466 3325 det
484 3259 636 3326 redemtio
655 3259 843 3328 histrioniae
863 3261 1016 3327 addictus.

647 3496 809 3568 Petronii
833 3492 984 3562 Arbitri.

347 3599 410 3666 Sed
434 3601 505 3668 eive
525 3601 702 3689 armigerae
720 3603 828 3668 rident
847 3598 1027 3665 Tritonidis
1050 3621 1147 3684 arces,

346 3705 409 3771 Seu
428 3706 686 3772 Lacedaemonio
707 3708 798 3774 tellus
818 3707 954 3775 habitata
976 3709 1091 3773 colono

347 3811 559 3899 Sirenumque
583 3813 712 3896 domus,
740 3813 792 3883 det
814 3813 938 3903 primos
959 3805 1104 3879 uersibus
1121 3835 1231 3897 annos,

345 3914 596 4005 Maeoniumque
616 3917 703 3988 bibet
723 3916 811 3986 felici
831 3934 959 4008 pectore
982 3917 1124 3987 fontem:

347 4022 432 4088 Mox
452 4034 483 4087 et
501 4023 662 4095 Socratico
684 4023 796 4112 plenus
816 4023 885 4090 iam
905 4007 1009 4091 mittet
1028 4024 1165 4090 habenas

347 4126 467 4212 Liber,
485 4139 518 4191 et
537 4128 672 4216 ingentis
694 4129 810 4218 quatiet
829 4130 1056 4198 Demosthenis
1077 4149 1177 4210 arma,

346 4232 435 4318 Hinc
454 4234 602 4300 Romana
621 4259 735 4303 manue
757 4235 975 4318 eircumfluat,
1003 4247 1033 4300 et
1052 4231 1152 4298 modo
1174 4230 1274 4306 Graio

345 4337 528 4418 Exonerata
547 4361 627 4407 sono
649 4351 752 4408 mutet
771 4339 889 4408 euffina
908 4362 1066 4430 saporem.
