2994 4828
497 573 537 644 V
534 587 603 646 etat
624 558 748 646 Caesar
763 548 962 666 ¹Aeneidem¹
975 577 1139 650 comburi.

347 724 478 809 Ergone
498 722 657 812 supremis
679 723 783 812 poluit
804 751 873 798 vox
892 728 1029 819 inproba
1050 731 1161 818 verbis

345 827 434 892 Tam
458 828 566 894 dirum
587 830 742 918 mandare
760 820 872 904 nelos?
905 858 980 924 ergo
997 836 1061 900 ibit
1080 837 1117 905 in
1139 836 1229 924 ignes

203 1021 209 1030 1
267 967 268 972 1
346 932 524 1020 Magnaque
546 934 718 1028 doctiloqui
739 915 897 1028 morielui
918 929 1013 1026 Musa
1034 933 1236 1016 Maronis?¹
1281 1009 1287 1020 ,

345 1037 402 1104 Ah
420 1039 523 1104 scelus
544 1037 733 1129 indignum!
760 1048 901 1116 solvetur
922 1035 1025 1113 lilleia
1046 1039 1147 1130 diues,
1215 1121 1219 1128 ,

343 1145 386 1212 Et
405 1157 556 1236 poterunt
575 1160 720 1237 spectare
740 1152 841 1238 ouidi,
862 1177 922 1219 nec
942 1177 1073 1244 paruere
1092 1151 1227 1242 honori·

343 1253 492 1319 Flamma
512 1278 588 1338 sue,
611 1255 805 1346 dignumque
826 1257 917 1349 operi
938 1282 1068 1326 servare
1089 1243 1277 1347 decorem?

252 1444 254 1452 Ι
345 1361 465 1425 Noster
487 1359 613 1452 Apollo
632 1376 720 1448 veto,
742 1365 854 1452 Musae
874 1363 1041 1455 prohibete
1062 1361 1218 1456 Latinae„

346 1465 449 1532 Liber
470 1477 503 1532 et
523 1469 609 1535 alma
631 1473 729 1536 Ceres
750 1459 934 1540 suc'cusire.
977 1467 1096 1536 Vester
1113 1467 1148 1534 iu
1167 1463 1267 1533 armis

342 1574 440 1640 Miles
461 1585 543 1658 erat,
564 1588 672 1642 vester
694 1573 805 1641 docilis
827 1597 885 1665 per
908 1599 984 1642 rura
1005 1574 1145 1639 colonus.

209 1749 210 1753 ,
262 1689 304 1749 10
347 1677 436 1741 Nam
458 1678 579 1764 docuit,
601 1679 677 1768 quid
699 1701 759 1746 ver
777 1692 900 1766 ageret,
921 1680 998 1767 quid
1019 1690 1145 1765 cogeret
1163 1690 1270 1759 aestas,

341 1781 430 1869 Quid
451 1783 539 1850 daret
555 1799 740 1869 autumnus,
767 1785 843 1872 quid
864 1785 980 1851 bruma
1001 1783 1180 1876 novissima
1199 1782 1308 1848 ferret.

339 1887 440 1956 Arva
455 1889 667 1976 reformavit,
688 1890 825 1958 sociavit
845 1890 966 1958 vilibus
985 1891 1102 1973 ulmos,

341 1996 476 2061 Curavit
494 1998 647 2085 peusdss,
670 1996 782 2085 apibus
803 2017 860 2062 sua
877 2010 978 2062 casu-a
995 1993 1122 2062 dicavit.

339 2103 430 2167 Haec
450 2100 551 2184 dedit,
572 2114 607 2167 ut
627 2115 773 2190 pereant,
799 2102 908 2192 ipsum
927 2103 956 2167 si
978 2101 1083 2167 dicere
1103 2099 1150 2166 fas
1173 2103 1243 2167 est?

259 2217 300 2280 15
344 2207 408 2271 Sed
427 2207 536 2292 legum
557 2219 603 2272 est
621 2208 780 2272 servauda
796 2206 890 2290 fide23
919 2228 1070 2297 suprema
1090 2207 1237 2271 voluntas

343 2309 440 2396 Quod
462 2310 592 2374 mandat
614 2309 747 2396 fierique
764 2311 868 2395 iubet,
895 2333 1011 2402 parere
1032 2332 1158 2375 neeesse
1180 2322 1236 2376 est.

340 2417 367 2482 F
368 2426 518 2501 rungalur
536 2413 641 2503 potius
666 2415 775 2500 legum
795 2414 981 2481 veneranda
1002 2428 1145 2502 poteslas,

342 2521 451 2606 Quam
470 2531 515 2586 tot
540 2531 702 2606 congestos
724 2531 892 2605 noctuque
913 2520 1041 2607 diesque
1060 2519 1186 2584 labores

342 2623 496 2693 Hauserit
515 2645 577 2689 una
598 2624 679 2708 dies,
706 2647 917 2715 supremaque
936 2624 1020 2691 iussa
1041 2623 1179 2717 parentis

256 2743 300 2806 20
343 2729 507 2798 Amillant
527 2730 678 2817 vigilasse
698 2733 809 2795 suum!
838 2729 873 2794 Si
895 2727 979 2795 forle
999 2727 1115 2795 furenti

340 2836 474 2903 Erravit
495 2833 530 2901 in
551 2848 658 2901 morte
680 2834 790 2914 dolor,
811 2834 839 2899 si
859 2834 969 2922 lingua
989 2838 1093 2901 locuta
1114 2847 1159 2899 est

342 2941 461 3010 Nescio
484 2941 560 3030 quid
587 2941 740 3008 lilubanle
760 2935 887 3024 auimo,
916 2964 983 3006 non
1004 2952 1132 3030 sponte,
1152 2939 1208 3005 sed
1229 2941 1297 3006 allis

341 3047 535 3136 Expuguala
555 3046 648 3112 malis
670 3045 745 3112 odio
766 3047 932 3132 languoris
948 3044 1062 3133 iniqui,

342 3154 377 3219 Si
398 3175 490 3218 mens
509 3173 607 3217 ¹caera
628 3147 703 3218 luite
737 3150 855 3216 iterum
877 3149 995 3216 sentire
1015 3148 1123 3216 ruinas

256 3269 300 3332 25
343 3257 447 3324 Troia
466 3281 551 3339 suas,
572 3259 696 3325 ilerum
717 3271 845 3344 cogetur
866 3257 1001 3321 reddere
1021 3279 1150 3344 poenas,
1212 3317 1215 3324 .

339 3362 479 3430 Ardebit
499 3363 635 3430 miserae
655 3375 727 3452 post
746 3365 883 3429 vulnera
904 3363 1019 3428 vulnus
1041 3361 1186 3430 Elissae?

339 3469 415 3535 Hoc
434 3463 514 3555 opus
536 3479 700 3533 aeternum
720 3479 805 3552 ruet,
826 3479 858 3531 el
877 3479 924 3533 tot
944 3467 1043 3550 bella,
1069 3479 1223 3532 rotenses

340 3573 380 3635 Iu
402 3569 524 3637 cineres
547 3573 635 3638 dabit
655 3572 737 3638 hora
756 3595 875 3640 nooeua
904 3585 937 3639 el
960 3573 1099 3664 perfidus
1122 3579 1239 3642 error?

339 3677 414 3742 Huc
434 3677 497 3740 hue
518 3677 660 3744 Piem‘des
678 3701 853 3744 nemorum
877 3703 935 3768 per
956 3681 1056 3746 lustra
1077 3680 1223 3765 loquaces

255 3771 299 3858 al)
340 3782 499 3868 Tendite,
527 3797 560 3850 et
580 3785 726 3850 ardentes
749 3779 838 3870 ignes
858 3784 1040 3852 fluvialibus
1060 3784 1154 3851 undis

339 3888 498 3976 Mergite,
528 3913 571 3955 ue
589 3901 697 3978 pereat
717 3902 784 3956 tam
808 3887 885 3956 olari
905 3911 996 3958 musa
1016 3903 1139 3979 poetae,

339 3996 500 4082 Famaque
521 4007 678 4086 vanescat.
723 3995 822 4062 Vivat
844 3997 939 4061 Maro
962 3998 1066 4062 clarus
1088 3996 1123 4061 in
1145 3993 1224 4060 orbe

339 4100 546 4188 Ingratusque
565 4102 643 4184 sibi,
670 4103 725 4168 sed
747 4103 832 4190 quod
852 4103 939 4168 male
958 4101 1090 4168 iusserat
1109 4100 1190 4189 ipse,

313 4245 316 4254 ·
341 4204 392 4270 Sit
413 4204 553 4270 vetuisse
571 4229 696 4272 meum.
745 4210 840 4276 Sacer
861 4221 907 4274 est
926 4220 998 4296 post
1018 4220 1167 4294 tempora
1187 4204 1281 4287 vilse,

254 4317 299 4382 35
341 4310 456 4399 Sicque
477 4309 537 4376 erit
556 4321 720 4374 aeternum
741 4324 805 4376 tola
825 4324 993 4379 resonante
1013 4312 1167 4395 Camena,
