2992 4826
793 283 917 359 98,

717 366 922 391 -μ--ι-

777 481 862 563 249.

733 589 903 657 Pentodii

750 693 889 761 Virgilius.

355 819 358 834 ·
428 774 538 864 Pastor
560 807 664 860 arator
686 817 779 880 eques
801 794 879 883 pavi
901 794 985 859 colui
1009 804 1169 888 superavi,

470 906 590 991 Capras
610 926 666 968 rus
687 901 792 966 hostes
815 900 933 967 fronde
952 902 1060 990 ligone
1081 931 1188 981 manu.

777 1068 862 1142 250.

737 1187 904 1255 Pentadio·

717 1291 751 1343 de
769 1293 823 1350 rita
839 1294 926 1350 beata.

429 1391 508 1454 Non
529 1401 575 1454 est
596 1386 743 1477 (falleris)
764 1391 842 1456 haec
863 1391 969 1475 beata,
990 1417 1059 1459 non
1080 1409 1135 1460 est.

367 1520 370 1526 ’
429 1494 526 1581 Quod
544 1519 604 1561 vos
627 1495 754 1562 creditis
775 1521 856 1580 esse,
878 1497 949 1562 vita
970 1523 1035 1564 uon
1056 1512 1112 1581 est,

391 1685 394 1694 ,
427 1599 596 1687 Fulgentes
617 1599 764 1666 manibus
785 1602 897 1667 videre
918 1625 1075 1690 germuas,

429 1706 498 1772 Aut
517 1707 693 1772 testudineo
717 1707 819 1774 iacere
839 1709 930 1793 lecto,

350 1827 352 1834 “
389 1797 390 1802 ¹
413 1809 495 1876 'Aut
515 1813 627 1900 pluma
646 1814 724 1877 latus
747 1812 904 1878 abdidisse
924 1815 1029 1899 molli,

429 1917 496 2000 Aut
517 1942 594 1984 auro
614 1918 725 1984 bibere
748 1932 778 1984 et
800 1919 914 1984 cubare
943 1942 1049 2004 00000,

427 2022 561 2108 Regales
584 2023 715 2111 dapibus
736 2045 873 2108 gravare
892 2047 1029 2105 mensas,

428 2129 486 2205 Et,
509 2125 663 2212 quidquid
684 2126 814 2213 Libyco
835 2142 958 2194 secatur
980 2153 1071 2213 arva,

428 2233 508 2296 Non
529 2257 590 2297 una
610 2234 752 2321 positum
776 2243 884 2298 tenere
905 2236 993 2319 cella,

384 2395 389 2402 ,
429 2338 490 2404 Sed
513 2340 617 2405 nullos
639 2339 802 2429 trepidum
818 2341 934 2406 timere
957 2362 1054 2420 casus,

414 2445 501 2544 ¹Nec
521 2466 606 2510 vano
630 2446 742 2536 populi
762 2445 876 2512 favore
896 2445 993 2530 tangi,

430 2552 472 2614 Et
492 2551 602 2616 stricto
622 2553 706 2618 nihil
727 2565 866 2618 aestuare
888 2547 987 2614 ferro.

429 2657 503 2720 Hoc
524 2657 663 2745 quisquis
686 2660 818 2747 poterit,
838 2655 946 2722 licebit
966 2654 1027 2734 illi,

429 2761 604 2827 Fortunam
624 2770 756 2831 moveat
775 2764 849 2830 loco
870 2760 1034 2849 superbus.

777 2907 864 2981 251.

732 3027 902 3095 Pentadii

731 3133 766 3186 de
795 3136 908 3188 fortuna.

331 3236 394 3298 Res
417 3233 528 3297 eadem
549 3233 678 3300 adsidue
699 3247 867 3300 momento
889 3235 1032 3301 volvitur
1055 3259 1128 3316 uno,

373 3335 478 3423 Atque
499 3339 581 3404 redit
602 3341 709 3425 dispar
728 3364 779 3404 res
801 3340 913 3404 eadem
927 3338 1066 3402 adsidue.

330 3443 469 3509 Vindice
491 3443 570 3509 facta
592 3469 691 3510 manu
713 3445 842 3530 Progne
863 3443 915 3530 pia
937 3441 1017 3507 dicta
1038 3443 1154 3526 sorori,

370 3550 462 3638 Inpia
485 3553 540 3616 sed
562 3565 636 3618 nato
658 3550 788 3616 vindice
807 3547 888 3613 facta
908 3572 1017 3615 mauu.

268 3666 289 3728 5
332 3656 486 3720 Carmine
505 3656 575 3720 visa
598 3681 654 3722 suo
677 3655 805 3722 Colchis
825 3650 886 3720 fuit
905 3655 970 3718 ulta
994 3652 1157 3737 maritum,

375 3761 438 3825 Sed
461 3763 608 3827 scelerata
629 3760 688 3826 fuit
710 3761 853 3828 carmine
873 3761 944 3827 visa
965 3783 1031 3825 suo.

296 3857 298 3862 ⁵
331 3866 484 3952 Coniugis
507 3869 670 3956 Eurydice
692 3869 837 3958 precibus
859 3873 1019 3933 remeabat
1042 3866 1083 3931 ad
1103 3889 1210 3932 auras:

372 3973 493 4036 Rursus
515 3973 580 4038 abit
599 3975 681 4040 vitio
704 3974 845 4060 coniugis
867 3972 1043 4059 Eurydice.

333 4078 492 4164 Sanguine
510 4103 606 4165 poma
625 4079 759 4164 rubent,
785 4079 868 4145 tristi
880 4101 967 4158 nece
986 4078 1083 4142 tincta
1103 4085 1248 4162 repente:

269 4195 310 4257 10
373 4184 517 4252 Candida
539 4209 617 4270 quae
637 4187 777 4271 literani,
799 4186 950 4274 sanguine
970 4207 1068 4272 poma
1086 4180 1211 4250 rubent.

332 4291 489 4358 Daedalus
512 4301 577 4354 arte
598 4314 652 4355 sua
672 4291 752 4378 fugit
772 4291 897 4357 Minoia
921 4311 1028 4374 regna,

372 4395 494 4466 Amisit
513 4409 625 4464 natum
646 4395 803 4461 Daedalus
825 4408 891 4460 arte
911 4406 975 4460 sua.
