3000 4820
635 197 708 280 159

224 388 380 470 luteolis,
408 387 574 454 modulans
594 386 690 456 rutilo
713 386 799 452 bona
820 386 963 453 earmina
982 401 1096 456 rostro.

225 493 313 557 Tum
332 493 469 580 glacialis
496 493 610 560 Hiems
631 489 795 580 respondit
814 513 895 556 uoce
919 515 1046 558 severa:

225 597 302 663 Non
324 598 429 664 veniat
452 599 592 680 cuculus,
620 595 720 682 nigris
741 595 797 660 sed
820 595 960 663 dormiat
979 601 1089 668 ansts.

145 711 184 772 15
224 702 285 767 Iste
306 699 426 768 famem
445 725 554 770 secum
574 723 701 790 semper
720 713 846 794 portare
865 702 990 770 suescit.
1019 733 1021 740 ¹

651 832 736 902 Ver.

230 939 332 1028 Opto,
351 959 444 1005 merus
465 939 573 1004 veniat
593 942 718 1008 cuculus
741 963 817 1006 cum
836 909 982 1027 germine
1001 943 1092 1022 laeto,

228 1045 362 1130 Frigora
382 1043 532 1134 depellat,
565 1044 696 1112 Phoebo
710 1068 823 1112 eomes
846 1047 948 1111 almus
968 1046 1004 1112 in
1025 1045 1151 1132 aeuum,
1190 1127 1196 1154 ,

228 1149 375 1216 Phoebus
396 1161 480 1216 amat
500 1151 646 1218 cuculum
666 1163 859 1218 crescentem
884 1153 955 1218 luoe
975 1177 1095 1220 serena.

626 1283 760 1352 Hiems.

231 1390 311 1456 Non
330 1387 440 1457 veniat
459 1389 600 1478 cuculus,
624 1403 756 1479 'generat
780 1393 853 1479 quia
874 1390 956 1458 forte
970 1393 1111 1474 'lsbores

148 1502 202 1570 20'
232 1494 354 1561 Praelia
374 1494 592 1580 congeminat,
617 1489 763 1584 requiem
784 1495 934 1581 disiungit
954 1497 1102 1578 amatam,
1173 1570 1175 1586 Ι

232 1600 353 1726 Omnia
374 1597 540 1684 disturbat,
560 1601 665 1691 pelagi
684 1613 845 1698 terraeque
866 1597 1020 1663 laborant.

658 1731 744 1799 Ver.

234 1838 322 1924 Quid
344 1849 394 1917 tu,
417 1836 503 1901 tarde
523 1814 654 1920 Hiems,
686 1837 797 1902 cuculo
819 1833 964 1898 convicia
987 1837 1113 1926 cantas?

236 1945 302 2032 Qui
322 1955 452 2032 torpore
472 1939 595 2028 gravis,
614 1939 788 2006 tenebrosis
807 1952 902 2005 tectus
923 1939 956 2006 in
979 1941 1087 2024 antris,

128 2063 133 2072 '
236 2050 312 2115 Post
333 2045 438 2135 epulas
458 2043 611 2128 Veneris,
631 2056 702 2128 post
720 2043 805 2110 stulti
824 2046 937 2134 pocula
959 2039 1086 2113 Bsc'chi

17 2139 24 2356 ι
657 2177 791 2244 Hiems.

155 2304 197 2368 25
240 2291 320 2357 sunt
338 2285 422 2351 mus
443 2284 589 2367 siesse,
616 2294 688 2348 sunt
707 2295 739 2348 a
758 2283 909 2348 convivia
928 2283 1018 2368 raes,
1063 2355 1065 2362 ,
1097 2305 1105 2316 ·
1212 2265 1215 2274 “

240 2395 299 2462 Est
317 2390 441 2478 requies
463 2389 578 2472 duleis,
599 2387 718 2453 calidus
739 2398 785 2452 est
803 2388 885 2474 ignis
905 2387 939 2453 in
962 2389 1047 2454 aede.

240 2500 329 2566 Haeo
350 2495 474 2560 cuculus
495 2494 611 2581 nescit,
637 2495 693 2560 sed
712 2492 852 2584 perfidus
873 2492 929 2558 ille
947 2494 1077 2561 laboret.

665 2626 750 2697 Ver.

243 2737 311 2804 Ore
331 2731 430 2800 refert
447 2731 543 2798 flores
565 2735 709 2814 cuculus,
739 2745 770 2799 et
789 2734 885 2798 mella
906 2734 1076 2813 ministrat,

243 2833 463 2924 Aedificatque
484 2839 614 2922 domos,
640 2837 778 2926 placidas
799 2849 832 2901 et
851 2839 979 2926 navigat
999 2837 1109 2922 undas,

161 2963 203 3026 30
244 2949 287 3012 Et
306 2955 440 3031 generet
453 2941 591 3022 soboles,
611 2942 709 3006 laetos
731 2951 762 3004 et
777 2941 896 3005 vestiet
915 2963 1018 3026 agros.

641 3071 775 3138 Hiems·

244 3178 364 3247 Haec
354 3177 486 3244 mimica
506 3177 589 3242 mihi
610 3187 697 3259 sunt,
725 3197 804 3263 quae
822 3175 881 3241 tibi
909 3176 989 3242 laeta
1009 3169 1171 3246 sideratio.

250 3288 313 3352 Sed
333 3285 435 3373 placet
454 3295 571 3367 optatas
592 3305 682 3374 gazas
702 3283 879 3374 numerare,
891 3307 949 3373 per
971 3303 1069 3368 arcas,
1103 3363 1107 3372 ι

247 3396 292 3460 Ει
310 3389 445 3480 gaudere
466 3387 545 3458 cibis
564 3387 661 3454 simul
682 3398 718 3474 et
728 3387 924 3476 requiescere
945 3411 1082 3478 semper.

673 3518 757 3587 Ver.

251 3609 331 3696 Quis
352 3606 426 3690 tibi,
446 3603 533 3671 tarda
552 3604 667 3671 Hiems
674 3629 853 3710 ‚semper
853 3607 996 3673 dormire
1015 3619 1131 3697 parata,

169 3727 211 3794 35
252 3714 390 3780 Divitias
410 3712 564 3797 cumulat,
592 3733 732 3812 genas
704 3713 759 3776 vel
781 3723 948 3811 congregat
967 3711 1058 3790 ullas,

255 3820 291 3886 Si
310 3841 368 3883 ver
393 3829 447 3882 aut
467 3829 563 3884 aestas
584 3830 654 3916 aute
675 3787 733 3882 tibi
751 3805 839 3884 nulla
859 3815 1022 3914 laborati

479 4015 481 4022 ι
650 3952 782 4022 Hiems

256 4059 343 4126 Vera
363 4055 480 4124 referas
506 4057 575 4144 illi,
592 4061 744 4146 quoniam
764 4059 848 4128 mihi
867 4057 967 4126 multa
985 4056 1139 4138 laborant,

256 4165 335 4231 Sunt
355 4163 450 4230 etiam
469 4164 558 4230 servi
582 4177 692 4234 nostra
711 4165 831 4233 ditione
849 4162 977 4247 subseri,

256 4269 327 4335 Iam
346 4269 618 4340 mihiservantes,
629 4271 778 4356 domino,
805 4294 1019 4362 quaesumque
1038 4261 1190 4338 laborant·
