2944 4836
623 264 695 334 111

110 469 172 502 rum
188 451 255 502 mihi
269 445 427 504 inolevisset
450 447 578 519 effectio,
594 460 694 515 cetero,
710 468 780 521 quas
795 449 910 504 cimela
925 461 1007 514 suut,
1031 450 1213 522 diepls'ocrmt.

109 535 356 613 IbiAcinrlyno
373 539 508 592 conditori
518 540 633 609 eiusque
650 539 799 594 maioribus
815 549 944 592 emmetra
961 539 1163 606 catalitani,
1185 553 1214 594 et

106 627 234 694 picturae
247 621 403 690 licentiam,
426 645 496 695 quae
511 627 640 680 uestitum
658 629 794 696 disparem
815 627 931 699 singulis
948 622 1061 695 trihuil,
1075 627 1107 679 in
1123 631 1214 681 ratio-
1270 692 1272 698 y

108 732 170 766 nem
186 715 269 784 coegi.
304 713 455 784 Acindynus
474 715 564 766 consul
580 715 631 766 iuit
647 733 671 766 a.
689 731 717 782 p.
736 715 768 768 C.
787 717 864 780 uto„
881 733 909 767 ιι.
925 733 952 768 ο.
972 729 1064 783 ²⁰9²·i
1086 726 1116 768 et
1132 732 1213 786 peue-

107 801 189 855 sectus
205 801 339 869 praetorio
357 801 482 869 Orientis,
499 803 570 870 quod
586 819 665 856 versu
681 807 708 856 i·
725 803 864 858 iudicetur.

175 907 199 942 ι.
218 892 317 944 Attica
328 889 420 958 palla]
433 889 657 961 philosophorum
675 901 716 944 est
731 900 918 944 oruamentum·

225 991 291 1050 toga
305 979 394 1048 picta]
419 981 632 1048 triumphantium
657 979 708 1034 fuit
729 979 916 1048 consulumque
933 979 981 1032 cub
998 979 1212 1050 imperatoribus.

104 1072 201 1125 Festus
215 1088 237 1120 s.
255 1085 282 1120 r.
298 1069 386 1138 picte-
419 1071 503 1120 Picta
512 1087 586 1140 quae
597 1087 668 1121 nune
680 1069 782 1120 dicitur
793 1078 872 1140 toga,
884 1077 968 1120 antea
981 1067 1132 1122 vocabatur
1140 1087 1213 1141 pur-

101 1175 198 1230 purea,
216 1167 327 1226 eratque
343 1158 402 1208 sins
413 1159 536 1226 pictura.
570 1156 606 1211 V.
625 1155 770 1210 Forcellin.
788 1175 814 1207 v.
829 1159 932 1226 pictus.
951 1155 1089 1208 Salmasius
1106 1158 1141 1209 ud
1152 1157 1213 1214 Vu-

103 1251 172 1317 ιι...ο
191 1247 314 1298 carnum
327 1245 394 1314 unp.
413 1265 436 1298 ι.
453 1259 498 1298 20.
510 1241 552 1298 T.
569 1245 603 1298 ιι.
621 1230 730 1316 ..ιιι
752 1246 881 1302 cnam.
895 1244 1025 1314 meque
1043 1261 1072 1313 p.
1094 1247 1153 1300 isc.

170 1355 197 1390 a.
212 1334 314 1402 sacris]
331 1333 352 1385 i.
371 1351 396 1386 e.
412 1333 531 1404 pontifex
548 1344 613 1390 erut.
630 1336 723 1405 sophis
737 1334 829 1388 unm.
847 1334 917 1390 Ate.
934 1331 1028 1388 XXX.
1046 1335 1073 1388 8.

72 1421 73 1426 ’
170 1425 197 1478 5.
216 1424 254 1488 si]
274 1426 322 1474 sed
338 1424 383 1474 ed.
403 1423 478 1476 1653.
652 1405 655 1418 ⁸

102 1546 105 1554 ·
212 1509 337 1582 pictura]
359 1510 388 1564 hi
412 1527 500 1565 versus
522 1531 537 1566 ιι
553 1511 709 1582 Symmacho
726 1511 765 1564 ed
780 1509 984 1564 illustrationem
1000 1509 1120 1578 picturae
1136 1531 1210 1568 com·

99 1600 273 1670 ponebantur,
290 1599 318 1652 in
335 1617 385 1668 que
400 1598 531 1672 Acindyni
546 1615 632 1670 socer,
648 1599 782 1668 Acindyni
796 1607 887 1667 pater,
903 1597 1054 1668 Acindynus
1071 1600 1128 1667 ipse
1145 1621 1211 1655 con-

99 1689 282 1759 spiciebantur,
298 1690 386 1742 cuncti
403 1697 495 1742 ornem
512 1685 621 1756 proprIo
638 1705 668 1739 ec
684 1688 856 1740 conveniente
869 1683 997 1754 praediti.
1029 1686 1062 1738 Id
1079 1705 1113 1741 ex
1131 1689 1208 1756 epist.

98 1778 246 1848 Symmachi
263 1779 345 1846 patris
363 1778 393 1842 (1.
410 1777 433 1830 1.
451 1794 493 1844 cp·
509 1775 544 1844 2.)
560 1775 689 1828 novimus.
724 1777 819 1846 „Quid
833 1776 904 1826 enim
919 1777 1078 1828 concinnius
1093 1779 1210 1846 epistola

5 1882 8 1888 '
100 1879 164 1932 tue,
186 1885 269 1937 quarn
288 1883 374 1934 nuper
394 1863 508 1933 accepi?
536 1865 604 1933 quid
619 1881 744 1916 uersuum
764 1865 931 1916 admixtione
949 1862 1114 1918 iucundius?
1131 1867 1210 1935 Quod

97 1959 316 2010 usinamvsernns
333 1951 438 2022 aliquis
454 1970 545 2003 eorum
561 1955 695 2022 supersit,
719 1969 832 2022 querum
849 1949 1015 2022 imaginihus
1033 1956 1208 2025 praescripta

96 2048 217 2101 videmus
239 2040 463 2113 epigrammate!
491 2040 586 2093 Facile
612 2039 768 2094 laudabunt
796 2040 866 2094 tales
897 2057 1062 2094 successores
1083 2042 1208 2096 laborum
1282 2048 1285 2054 '

96 2153 215 2198 sucrum,
233 2133 281 2203 qui
293 2129 422 2197 picturae
434 2130 555 2180 nitorem
567 2131 771 2200 pulchrioribus
787 2129 909 2186 uersibus
929 2128 1123 2186 illuminarint.
1158 2132 1208 2186 hl·

95 2234 138 2274 ter
154 2222 267 2275 Atticam
283 2217 391 2286 pallam,
419 2217 489 2270 alter
509 2219 604 2287 pictam
628 2230 731 2290 togam,
755 2219 847 2272 tertius
864 2219 1074 2288 paludamentum
1090 2219 1207 2289 gerebat,

57 2293 62 2301 ’
95 2311 168 2379 quod
185 2307 353 2376 Symmachus
369 2305 412 2358 his
427 2307 515 2359 verbis
532 2307 560 2360 in
578 2328 620 2379 cp.
636 2327 658 2364 ι.
674 2308 812 2376 intelligit:
826 2309 954 2378 picturae
971 2309 1119 2376 licentium,
1136 2329 1206 2380 quae

94 2399 226 2452 vestitum
248 2399 383 2465 disparem
407 2398 524 2468 cingulis
549 2399 660 2463 tribuit,
682 2402 711 2452 in
738 2399 871 2450 rationem
895 2400 969 2468 coegi
992 2399 1019 2450 h.
1046 2397 1079 2452 e.'
1092 2417 1205 2452 causam

93 2489 152 2538 eius
169 2489 209 2538 rei
227 2485 376 2538 illustrari.
399 2512 434 2524 -
456 2499 591 2556 prestare
618 2489 699 2555 vuigo
716 2487 806 2542 inritis
824 2493 885 2543 mie.
918 2487 949 2540 In
971 2488 1074 2556 pictura
1096 2486 1206 2540 deerunt

91 2577 175 2628 fasces
197 2575 253 2626 sire
275 2571 384 2640 insignit
408 2576 554 2629 consularia
570 2576 718 2646 Acindyni,
740 2575 811 2629 unde
836 2576 902 2630 dicit
927 2578 958 2630 Si
976 2575 1073 2648 samue
1089 2579 1204 2647 pictura

12 2707 14 2724 ,
94 2673 176 2716 tacet.

599 2819 683 2902 267.

157 2979 239 3032 dnth.
257 2979 293 3031 Π.
314 2977 372 3031 144.
399 2976 545 3047 Symmachi
570 2981 680 3032 oratoris
698 2989 755 3045 eet,
775 2989 803 3031 et
819 2987 890 3033 extet
905 2983 934 3034 in
950 2979 1036 3052 Epist.
1060 2979 1117 3034 eius
1133 2981 1156 3034 1.
1176 2999 1200 3035 1.

90 3068 217 3124 Wernsd.
236 3067 315 3118 Poet.
333 3067 368 3120 Τ.
386 3061 436 3119 IV.
454 3085 481 3136 p.
499 3069 560 3120 ⁵50.

155 3173 181 3208 2.
200 3155 290 3222 eruta]
301 3155 352 3222 ser
368 3165 400 3206 ut
417 3175 483 3227 ager
503 3173 568 3207 sone
591 3151 712 3207 deiulore
730 3161 871 3231 tergemini
895 3177 943 3210 me·
961 3159 1087 3228 Scioppii.
1110 3163 1201 3213 Bruta

88 3245 231 3318 tergemini
248 3245 280 3294 de
298 3241 357 3294 lare
374 3247 508 3298 Gerionis.
544 3243 658 3296 Iuretus.
678 3257 756 3298 eruta
774 3249 905 3318 Geryonis
922 3249 954 3300 de
970 3249 990 3302 l.
1011 3259 1031 3305 t.
1048 3245 1155 3317 Lipsius
1166 3249 1200 3301 ad

87 3333 172 3386 Tacit.
189 3333 258 3385 Anu.
276 3329 354 3384 XIV.
371 3329 398 3382 4.

152 3425 179 3476 5.
196 3416 327 3488 Boaulia]
345 3419 462 3490 Lipsius.
480 3423 581 3476 Boalie
597 3423 687 3492 vulgo.

64 3561 67 3565 .
153 3530 179 3580 9.
196 3510 368 3578 Acindynus]
384 3511 491 3564 Flavius
508 3509 650 3579 Septimius
667 3509 820 3582 Acindynus
837 3511 928 3565 consul
950 3531 975 3565 a.
997 3531 1025 3583 p.
1045 3515 1111 3568 Chr.
1128 3515 1199 3584 540..

85 3601 119 3651 de
139 3618 192 3669 quo
209 3615 296 3665 supra.

154 3725 194 3759 ιο.
213 3706 329 3777 Orfitus]
353 3710 492 3764 Memmius
515 3709 645 3764 Vitrasius
671 3709 787 3776 Orfitus,
812 3711 847 3762 dc
872 3729 923 3780 quo
940 3697 1061 3763 Valesius
1079 3711 1113 3764 ud
1129 3711 1196 3763 Am·
1297 3696 1301 3700 '

82 3798 162 3849 mian.
180 3795 260 3847 Marc.
278 3795 354 3851 XVI.
376 3817 415 3857 ιο.
434 3809 462 3852 ct
477 3799 510 3851 B·
530 3797 561 3850 ud
580 3798 608 3852 h.
624 3799 643 3854 l.
660 3797 721 3866 ugit.

151 3922 192 3962 ιι.
211 3903 328 3958 iuuenile
346 3909 436 3977 decus]
455 3911 474 3961 i.
494 3928 519 3961 e.
545 3909 669 3960 iuvenum
688 3908 780 3959 decus.
798 3907 975 3966 -iuvenale
998 3912 1025 3962 d.
1053 3911 1097 3962 ed.
1119 3910 1193 3985 1659.

82 3997 199 4050 iuuenile
223 3997 318 4050 decens
335 3995 440 4054 Wekci·
460 3996 662 4065 udLucrot012
683 4014 741 4051 120.
766 3999 848 4070 uulgo
867 4001 968 4052 decue
994 4000 1194 4052 comtructionc

81 4086 167 4136 nulla.

148 4211 189 4245 12.
208 4182 461 4266 bisseno-saecu]
478 4193 646 4264 Symmachus
671 4195 705 4246 de
728 4197 870 4264 semetipso
893 4195 1022 4266 loquitur,
1045 4207 1073 4248 et
1096 4216 1191 4250 consu-

79 4277 158 4334 latum
174 4301 249 4336 suum
265 4303 289 4338 ts.
307 4283 368 4354 391.
388 4285 519 4352 intelligit,
536 4283 595 4354 quin
612 4283 748 4336 duodenos
765 4288 846 4337 fasces
862 4286 991 4337 hebebant
1008 4285 1137 4336 consules.

143 4369 188 4424 13.
205 4371 264 4440 ced]
294 4375 337 4425 ed.
364 4375 438 4428 1655.
464 4376 489 4428 si
508 4371 596 4442 vulgo.
643 4371 696 4424 Sed
719 4372 859 4426 Baulorum
884 4375 992 4426 deliciae
1016 4373 1133 4426 nondum
1156 4376 1189 4428 ad
