3000 4820
172 390 177 404 ¹
279 385 440 470 Quantam
460 411 528 458 non
548 390 650 478 pouit
678 392 805 460 soluere
827 415 905 463 mua
921 399 1030 466 deum·
1081 422 1085 431 ’

239 489 362 556 Confer
382 517 459 583 opes
479 517 688 584 marmorque
707 519 833 566 nouum
855 501 1077 593 superumque
1096 513 1252 614 favorem,

279 595 453 664 Artificum
474 601 664 687 vigilentur
691 625 776 668 noua
797 604 877 684 spots
896 631 1028 676 manns:

237 701 315 766 Non
335 714 441 769 tamen
462 717 514 769 aut
533 703 604 769 fieri
627 727 686 793 par
706 709 800 773 stanti
820 711 968 779 machina
988 739 1091 798 muro,

151 810 194 875 30
280 803 349 872 Aut
370 809 540 874 instaurari
560 811 627 876 sola
647 810 740 876 ruina
761 826 873 900 potest.

237 907 382 976 Tantum
401 927 494 980 restat
517 901 637 997 adhus,
657 901 779 981 tantum
794 921 880 1001 uuit,
902 934 935 988 ut
955 944 1056 1012 neque
1076 943 1159 1002 stans
1178 961 1250 1028 pars

277 1015 419 1103 Aequari
440 1019 552 1106 possit,
576 1019 678 1085 diruta
698 1044 757 1085 nec
776 1023 877 1090 refici.

234 1121 299 1185 Hic
321 1121 480 1208 Superum
500 1121 622 1190 formas
645 1125 759 1214 Superi
780 1127 938 1197 mirantur
959 1146 988 1198 et
1009 1135 1080 1225 ipsi,

11 1229 13 1360 p
276 1227 318 1290 Et
340 1225 469 1314 cupiunt
490 1226 569 1295 fictis
591 1231 732 1299 vultibus
753 1257 820 1309 esse
839 1257 941 1324 pares.

151 1341 193 1402 35
235 1330 313 1396 Non
336 1331 435 1419 potuit
455 1345 569 1399 natura
589 1334 677 1402 Deos
698 1337 761 1404 hoe
781 1363 838 1406 ore
859 1362 975 1427 creare,

11 1427 16 1692 p
277 1434 352 1521 Quo
378 1437 525 1506 miranda
544 1440 655 1508 Derim
681 1443 771 1532 signa
792 1447 911 1526 creavit
935 1449 1046 1535 homo.
1087 1503 1090 1512 .

234 1539 347 1605 Vultus
369 1541 455 1607 adest
473 1543 522 1608 his
543 1546 744 1630 numinibus,
773 1548 938 1636 potiusque
959 1557 1105 1638 coluntur
1138 1571 1142 1582 ·

274 1642 451 1713 Artificum
471 1648 577 1714 studio
599 1672 695 1742 quam
717 1650 829 1716 deitate
849 1673 915 1724 sua.

234 1749 321 1814 Urbs
344 1749 443 1830 felix,
472 1750 499 1814 si
521 1751 576 1814 vel
598 1751 737 1820 dominis
758 1753 833 1819 urbs
854 1756 910 1820 illa
931 1775 1060 1844 careret,

148 1868 190 1924 40
277 1853 339 1918 Vel
362 1853 502 1916 dominis
527 1865 606 1918 esset
626 1868 733 1944 turpe,
765 1879 871 1935 carere
889 1859 962 1935 fide.

659 2027 743 2110 395.

558 2197 565 2212 .
645 2139 756 2207 Alani

590 2245 629 2320 de·¹
641 2243 820 2312 temperantia.

311 2351 364 2432 Ne
384 2377 415 2430 te
434 2367 561 2450 gulosae
583 2364 694 2449 Scylla
714 2365 876 2450 voraginis

312 2472 438 2558 Mergat
458 2469 619 2558 profunda
639 2481 732 2544 nocte
752 2469 935 2553 libidinum,

310 2577 433 2646 Praebe
453 2577 556 2664 palate
576 2572 668 2646 fiune
689 2574 871 2644 modestiae.

206 2664 212 2681 ’
312 2684 410 2746 Libes
434 2679 578 2755 modeste
600 2677 755 2752 Bacchica
776 2682 898 2765 poculo,

309 2788 446 2871 Frangat
466 2783 572 2870 Lyaei
592 2781 716 2870 limpha
734 2783 928 2871 superbiam,
987 2829 989 2837 ,

313 2890 394 2954 Vini
415 2887 563 2966 furorem
584 2885 721 2964 flumina
741 2898 929 2972 temperent.

314 2993 458 3074 Plebeia,
478 2990 634 3076 simplex,
660 3011 732 3053 rara
754 2993 906 3055 comestio

314 3094 427 3163 Carnis
451 3092 604 3180 superbae
624 3101 795 3154 murmura
817 3105 973 3170 conterat:

314 3205 437 3269 Lentus
459 3194 584 3285 Cupido
604 3195 651 3260 sic
671 3207 739 3280 aget
763 3195 836 3262 otia.

320 3311 500 3378 Frenentur‘
516 3303 551 3368 in
571 3315 603 3368 te
622 3299 713 3366 frena
735 3301 905 3390 cupidinis.

315 3414 452 3500 Largire
471 3395 559 3476 visus
579 3401 704 3496 pessula
722 3407 838 3489 ianuis,
902 3475 903 3480 γ

315 3523 458 3586 Frenans
480 3513 616 3594 weilos,
639 3533 681 3576 ne
701 3512 799 3576 nimis
820 3511 973 3600 inprobos
991 3524 1001 3544 '·
1045 3509 1048 3516 ’

317 3625 462 3690 Venenet
482 3631 571 3684 extra
590 3617 722 3681 luminis
745 3618 893 3704 impetus.

319 3731 354 3795 Si
378 3748 454 3815 quos
473 3723 612 3788 habendi
632 3719 744 3788 fervor
765 3719 910 3820 inebriat,

323 3834 424 3904 Exire
445 3841 557 3917 cogant
575 3839 693 3892 mente⁴
708 3827 888 3916 pecuniam.
912 3838 915 3849 '
1006 3827 1032 3856 ·³

320 3944 431 4009 Custos
452 3935 601 4028 honoris,
628 3932 738 4010 divitis
762 3931 869 3996 usibus

322 4047 358 4110 Si
382 4057 505 4132 tempus
526 4038 622 4124 adsit,
641 4036 777 4112 siloem
797 4035 911 4122 exigat,

323 4151 437 4236 Surget
456 4145 594 4234 sepultae
613 4163 716 4212 massa
738 4141 910 4230 pecuniae<
961 4169 963 4174 ¹
1056 4205 1059 4212 ,

303 4300 306 4309 ·
322 4255 491 4335 Nummos
506 4271 676 4321 crumenae
700 4245 839 4324 funditus
861 4253 1053 4398 evomapp*
