3002 4816
604 249 811 350 ja]-

408 537 484 624 (Ad
507 537 543 607 V
544 447 791 606 aradiaiizoin
817 536 1003 622 Thermis.)

237 687 247 706 .
269 688 279 711 .
300 642 334 708 bi
354 666 542 718 marmoreo
567 665 688 708 caesam
712 641 751 706 de
771 631 883 708 monte
905 647 991 712 Dian
1015 693 1055 720 ..

277 748 402 834 Regina
422 751 583 814 undarum
603 747 753 837 nympha
777 748 872 812 decus
893 773 991 814 nemo
1014 797 1023 817 .
1045 800 1055 820 .

236 900 247 921 .
265 876 298 919 ιο
321 854 478 920 damnasti
498 853 638 941 perfecta
658 876 754 940 quem
775 874 871 941 prece
891 856 1005 920 Bassus

278 960 423 1026 Moeuite
443 973 575 1048 propter
595 959 724 1024 moenia
746 956 962 1024 Germisarae.

671 1111 756 1189 630.

504 1203 562 1272 De
589 1201 735 1272 Galatea
757 1204 794 1270 in
817 1227 908 1274 vase.

235 1308 364 1373 Ludere
384 1321 475 1374 sucta.
491 1309 583 1373 vadis
603 1311 731 1397 privato
753 1309 914 1398 Nympha
934 1319 1041 1375 natatu

280 1415 424 1480 Exornat
443 1436 586 1498 mensas,
607 1417 757 1481 membra
781 1425 909 1478 venusta
930 1437 1077 1482 movens.

236 1519 390 1604 Comptas
411 1521 488 1584 nolo
509 1519 623 1604 dapes,
644 1522 784 1585 vacuum'
805 1519 890 1583 mihi
909 1541 997 1604 pone
1021 1517 1151 1584 boletar.

278 1623 374 1710 Quod
396 1625 514 1716 placet,
536 1623 731 1712 adspiciam3
758 1646 876 1706 renu0,
900 1622 983 1709 quod
1003 1634 1130 1692 saturat.

672 1773 756 1852 631·

629 1864 788 1932 Aliter.

234 1971 276 2034 In
296 1970 405 2036 medio
427 1971 677 2058 generatasa10‚
698 1994 785 2035 nunc
805 1982 872 2035 arte
893 1968 1042 2056 magistra

278 2075 417 2140 Perveni
438 2077 478 2142 ad
499 2099 663 2142 mensam:
688 2075 742 2141 hic
764 2099 887 2163 quoque
909 2075 994 2140 nuda
1015 2087 1099 2139 nato.
1195 2063 1206 2098 ⁴

239 2180 275 2244 Si
295 2181 457 2268 prandere
479 2181 582 2270 cupis,
605 2180 700 2248 differ
721 2196 861 2271 spectare
885 2179 1033 2267 figuram,

279 2285 333 2349 Ne
353 2285 412 2350 tibi
432 2286 554 2351 ieiunus
575 2289 700 2354 lumina
719 2289 828 2354 tendat
850 2309 954 2351 amor.

154 2401 174 2462 5
235 2390 325 2475 Quae
345 2390 409 2455 sim
432 2415 474 2456 ne
495 2391 635 2476 dubites,
664 2394 776 2459 ludens
796 2393 865 2458 aine
886 2392 1020 2457 nomine
1040 2393 1190 2479 lympha·

278 2494 376 2582 Quod
397 2495 529 2562 Galatea
549 2517 663 2582 vocer,
690 2499 789 2564 lactea
807 2521 912 2562 massa
931 2498 1056 2587 probat.

649 2650 734 2727 639.

625 2741 788 2810 Thetis.

235 2843 344 2908 Pande
364 2865 498 2908 manum
518 2847 683 2932 genetrix,
712 2859 793 2911 totus
814 2846 951 2930 tingatur
972 2846 1133 2914 Achilles:

282 2948 336 3012 Tu
357 2947 452 3014 facies
473 2963 585 3015 natum
605 2951 719 3016 mortis
740 2949 857 3014 habere
877 2951 998 3015 locum.

666 3099 750 3178 633·

607 3211 815 3280 Achilles.

239 3320 367 3386 Credita
387 3321 483 3407 virgo
503 3342 616 3408 parem
635 3317 753 3383 blande
774 3319 912 3408 decepit,
933 3317 1090 3406 Achilles,

279 3426 480 3516 Inplevitque
501 3425 597 3491 etiam
619 3424 737 3489 credita
758 3424 853 3511 virgo
879 3447 1002 3513 parem.

667 3576 750 3655 634.

505 3670 561 3738 De
587 3681 703 3737 tractu
725 3669 897 3736 Hectoris.

237 3774 365 3843 Funere
388 3774 493 3842 turbat
517 3766 613 3861 equos
635 3774 775 3840 necdum
796 3775 920 3840 satiatus
942 3770 1098 3858 Achilles,

280 3880 403 3944 Hector
424 3889 457 3942 et
477 3880 634 3946 exanimis
654 3878 768 3946 funere
788 3880 893 3946 turbat
915 3903 1021 3967 equos.

660 4031 744 4110 635·

581 4124 625 4191 In
647 4124 828 4191 Achillem.

240 4228 382 4322 Inprobe
404 4230 573 4295 distractor
593 4230 733 4318 pretium
757 4230 784 4294 si
806 4253 937 4318 poscere
957 4253 1074 4311 nosses,

242 4335 322 4399 Non
343 4335 498 4420 traheres,
528 4335 612 4423 quod
634 4333 727 4400 funus
750 4349 815 4402 crat
837 4377 1004 4400 ......
