2994 4828
716 199 847 324 x62

336 454 363 506 7.
380 437 471 507 refice]
488 436 557 490 Scal.
576 413 685 508 relicere¹
702 439 791 506 vulgo.
811 439 899 509 recipe
914 437 949 490 B.

332 526 360 580 Β.
380 525 594 605 columbulatim]
633 525 859 600 calaurbatimque
890 546 1026 582 conserere
1055 525 1146 584 laerte
1174 529 1257 590 labra
1288 536 1377 606 vulgo.

266 614 390 681 Nostram
405 615 467 666 lect.
485 615 580 684 probat
596 615 702 669 Wakef.
720 613 754 666 ad
769 613 879 668 Lucret.
898 614 948 672 IV.
968 633 1043 675 noa.

337 704 464 766 11-15.
482 703 576 756 desunt
592 704 620 755 in
636 703 668 754 B.
686 703 849 770 anthologia.

335 808 378 846 12.
395 792 552 863 aequumve]
570 809 738 862 nequamque
754 789 890 845 Santenius
907 794 942 846 dd
958 794 1111 848 Terentina.
1129 813 1157 866 p.
1173 795 1235 853 348.

388 881 563 948 scitamenta]
580 879 600 931 i.
620 896 646 932 e.
664 880 727 933 scita
744 879 841 947 edulia,
859 882 976 949 bellaria,
992 882 1195 940 Leckerbissen.

379 969 476 1040 pipalc
488 969 591 1040 poscit]
614 968 635 1021 i.
658 987 685 1024 e.
703 966 823 1020 convicio
848 970 941 1036 poscit,
959 981 989 1022 ut
1004 969 1107 1026 Nonius
1123 993 1152 1043 p.
1172 974 1231 1028 152.
1253 977 1379 1048 pipulum

264 1059 464 1130 interpretatur.
482 1077 508 1112 r.
527 1056 652 1111 Lindem.
673 1057 707 1110 ad
723 1055 811 1108 Plauti
829 1055 945 1110 Militem
961 1059 996 1114 11.
1014 1061 1042 1131 6,
1059 1078 1119 1116 ιω.
1137 1081 1166 1132 p.
1185 1065 1247 1119 144.

335 1148 462 1204 15—15.
480 1146 564 1200 adieci
581 1163 615 1202 ex
631 1146 760 1199 Macrobii
778 1145 839 1216 sat.
851 1146 886 1198 Il.
908 1145 948 1198 16.

326 1217 376 1291 ⁵13.
388 1235 518 1307 ficorum]
542 1233 592 1288 hos
613 1253 704 1288 versus
727 1233 858 1286 ordinarit
873 1234 1013 1292 Senteniue
1035 1239 1070 1292 ad
1093 1238 1246 1293 Terentiam
1264 1260 1291 1310 p.
1308 1243 1374 1295 548.

262 1327 344 1397 Apud
360 1325 478 1380 Macrob.
496 1324 609 1391 legitur:
634 1325 769 1378 Mattius:
790 1327 827 1376 In
844 1321 954 1377 milibus
979 1335 1021 1380 tot
1035 1327 1156 1395 ficorum
1171 1349 1226 1381 nen
1246 1329 1379 1384 videbitis

260 1435 394 1489 grassans.
410 1414 491 1466 Both.
510 1412 611 1464 delivit
620 1413 754 1481 ficorum,
777 1411 851 1481 quod
866 1410 1004 1468 Santonica
1025 1416 1054 1470 in
1076 1417 1128 1471 fine
1148 1434 1240 1472 sersus
1262 1435 1375 1490 praece-

262 1504 350 1560 dentis
366 1503 497 1556 collocare
515 1501 616 1555 meluit.

330 1591 373 1646 15.
392 1589 427 1644 ab
444 1591 512 1660 alio]
530 1590 565 1643 ab
582 1591 648 1644 aliis
663 1589 745 1644 Both.

313 1712 315 1722 «
385 1680 504 1754 grossos]
527 1680 619 1752 grossi
641 1680 817 1750 appellantur
832 1676 904 1748 fici,
933 1682 980 1751 qai
1005 1700 1057 1734 non
1080 1693 1276 1736 maturescunt.
1308 1686 1377 1736 Hos

260 1773 359 1830 Graeci
375 1773 470 1826 dicunt
485 1765 624 1826 iliadem.
642 1769 723 1823 Both.
741 1770 816 1823 Idem
832 1767 868 1822 V.
886 1769 922 1822 D.
941 1770 1038 1823 adiecit
1053 1770 1123 1822 alind
1145 1773 1318 1838 fragmentum
1336 1788 1377 1824 ex

259 1863 393 1917 Priscieno
410 1859 446 1912 Τ.
458 1856 481 1912 Ι.
499 1876 527 1928 p.
544 1858 609 1911 281:
628 1861 675 1911 Gn.
689 1860 827 1912 Mattius:
842 1863 921 1915 Meos
937 1860 1060 1912 hortulos
1072 1860 1136 1928 plus
1151 1871 1267 1912 stercore
1285 1878 1378 1929 quam

260 1953 342 2010 alera.
377 1949 432 2002 Sed
454 1948 543 2001 nescio
566 1965 598 2000 an
618 1949 713 2001 melius
736 1947 804 2000 haec
827 1948 908 2002 verba
929 1948 963 2000 ad
985 1949 1066 2001 alium
1082 1947 1190 1999 Matium
1213 1949 1378 2014 referantur,

260 2061 340 2113 quern
367 2041 401 2092 de
429 2055 458 2091 re
488 2037 583 2090 rustica
603 2038 736 2107 scripsisse
754 2038 903 2090 Columella
924 2037 945 2089 l.
970 2035 1034 2088 Xll.
1061 2036 1090 2090 4.
1111 2045 1209 2092 umet.
1244 2035 1376 2106 Idemque

172 2175 174 2182 .
258 2127 453 2194 Wernsdorlius
469 2126 496 2180 in
512 2125 562 2178 Po.
579 2125 628 2179 let.
647 2126 682 2180 T.
700 2127 750 2184 ΠΙ.
768 2145 797 2198 p.
815 2129 878 2199 475.
898 2126 1031 2180 observat.

779 2299 862 2370 121·

326 2435 409 2489 Antii.
425 2430 459 2484 ll.
479 2447 535 2484 121.
555 2428 751 2483 Wernsdoriius
767 2431 847 2484 Poet.
865 2433 914 2485 lat.
933 2432 968 2485 Τ.
986 2432 1035 2485 ΠΙ.
1053 2449 1081 2499 p.
1099 2431 1145 2502 59.
1164 2433 1244 2485 dicit:
1266 2431 1373 2497 „Nasi-

257 2527 344 2596 patio,
368 2537 432 2591 queo
456 2521 598 2587 fragmento
622 2535 657 2570 eo
674 2517 848 2586 describitur,
870 2536 903 2571 ea
925 2531 983 2586 est,
1006 2527 1084 2588 quarn
1101 2520 1272 2572 Germanicus
1286 2519 1370 2570 Drusi

185 2639 187 2646 ⁴
257 2617 327 2669 filius
345 2629 403 2665 eum
419 2606 566 2675 legionibus
583 2605 658 2658 classi
673 2605 805 2675 impositis
830 2609 940 2661 tentavit
957 2628 1007 2679 per
1027 2610 1127 2662 flumen
1142 2608 1266 2661 Amisiam
1281 2605 1369 2674 (Erus)

256 2705 284 2758 in
302 2702 437 2760 Oceanum
461 2694 692 2763 septentrionalem
711 2695 881 2766 (Nord-See)
904 2698 988 2750 tertio
1010 2697 1117 2750 Tiberii
1134 2717 1218 2764 anno,
1241 2705 1268 2748 et
1288 2713 1370 2764 quam

257 2789 384 2845 describit
400 2785 506 2839 Tacitus
522 2783 591 2836 Anu.
614 2784 731 2840 11.25.“
753 2773 918 2840 *ibidem
941 2787 1043 2838 editum
1068 2796 1109 2839 est
1132 2803 1236 2838 emman
1258 2801 1286 2854 p.
1299 2799 1367 2854 seno.

255 2881 336 2934 Extat
351 2880 521 2945 fragmentum
537 2873 591 2926 hoc
607 2873 735 2943 poematis
752 2876 822 2945 apud
838 2877 966 2930 Senecam
980 2876 1009 2929 in
1024 2875 1130 2927 Suaror.
1147 2875 1169 2928 I.
1186 2893 1215 2944 p.
1236 2891 1276 2927 11.
1304 2878 1370 2926 La-

257 2970 310 3022 tini
332 2965 527 3020 declamatores
550 2965 580 3017 in
601 2965 702 3016 Oceani
732 2965 911 3036 descriptione
932 2983 986 3018 narr
1011 2967 1095 3019 nimie
1115 2967 1271 3036 riguerant.
1300 2981 1371 3015 nam

255 3065 307 3109 aut
324 3054 426 3108 tumide
439 3053 606 3124 scripserant
622 3063 674 3104 aut
691 3054 805 3107 curiose.
838 3055 923 3108 Nema
940 3055 1050 3108 illorum
1058 3055 1154 3124 potuit
1169 3063 1248 3105 tanta
1264 3054 1369 3121 spirita

255 3146 342 3198 dicere
354 3152 456 3213 quanto
466 3144 549 3207 Pede,
567 3141 614 3212 qui
624 3143 774 3214 navigante
785 3143 944 3195 Germanico
957 3143 1045 3196 dixit.-
1068 3143 1146 3194 lam
1158 3141 1219 3210 pri
1228 3143 1297 3193 dem
1309 3151 1369 3193 ete.

265 3251 267 3258 ·
323 3250 348 3285 r.
366 3229 502 3298 relictam]
520 3230 624 3282 Pendet
640 3229 685 3281 hic
701 3231 845 3283 infinitivus
868 3247 927 3284 crim
950 3231 1053 3282 dnobus
1071 3229 1242 3298 sequentibus
1266 3229 1369 3281 abillo

253 3322 336 3374 dixit.
371 3318 529 3382 Gronovius,
544 3318 656 3371 verbum
672 3335 765 3388 repens
783 3319 877 3372 deesse
894 3329 975 3387 ratus,
997 3319 1105 3386 corrigit
1121 3316 1201 3368 tertio
1217 3333 1297 3367 versu
1314 3329 1373 3384 pro'

254 3407 378 3460 tenebrae
390 3404 554 3476 pigebatffl.
571 3407 599 3458 in
609 3408 725 3460 seeundo
741 3422 820 3461 versu
836 3427 886 3478 pro
896 3408 1069 3477 iampridem
1081 3406 1230 3474 iampiget,
1248 3405 1371 3458 Witho-

252 3493 301 3546 fius
324 3493 521 3561 (Coniecturen
541 3512 569 3547 τ.
593 3495 695 3550 Grimm
715 3496 798 3550 Stiick
820 3514 847 3550 a.
871 3515 899 3567 p.
927 3497 988 3565 13.)
1012 3495 1106 3550 eodem
1130 3507 1217 3556 ,versu
1245 3497 1371 3566 Iamque

251 3575 346 3636 vident
361 3584 434 3636 notis
449 3595 570 3638 extorres
586 3595 638 3638 etc.
824 3576 827 3582 ⁸

268 3703 270 3710 ·
318 3687 346 3724 n.
364 3672 495 3740 extorres]
513 3675 561 3726 int.
582 3673 776 3726 commilitones
792 3674 949 3730 Germanici.

170 3819 176 3832 ⁸
290 3824 293 3832 ¹
317 3761 345 3814 4.
362 3761 490 3830 Hesperii
507 3762 603 3831 rurae]
620 3763 668 3814 int.
688 3779 722 3815 ex
738 3764 905 3830 praecedeuti
920 3784 979 3834 per.

316 3850 343 3902 5.
361 3867 433 3900 nunc
447 3851 660 3923 -ccnsurgereJ
677 3852 697 3903 i.
722 3868 747 3902 e.
767 3851 876 3905 dasssie
888 3853 956 3920 jetut
972 3852 1024 3903 den
1040 3851 1131 3904 Oceau
1143 3851 1288 3917 besteigen.
1311 3849 1362 3899 In-
1393 3848 1399 3858 '

249 3937 343 4004 telligo
361 3936 430 3988 enim
446 3940 536 3992 adire
552 3951 580 3992 et
597 3956 756 4012 coemere
773 3939 846 3992 idem
861 3941 1022 4006 subiectum,
1040 3939 1231 3993 commilitones
1248 3939 1362 3990 Germa-

247 4029 309 4080 nici.
343 4027 431 4080 Aliter
447 4025 588 4098 Wemsdq
613 4031 658 4100 qui
675 4017 795 4100 explicat
816 4044 888 4082 naec
905 4031 1027 4082 acrama
1050 4031 1193 4100 remergit
1215 4028 1258 4083 rel
1278 4028 1361 4078 irrra-

248 4118 352 4168 macir.

314 4213 339 4265 6.
351 4212 443 4285 serrat]
461 4215 639 4268 coniunctivae
661 4209 725 4272 ideo
740 4221 859 4290 positus,
880 4215 941 4289 quia
965 4219 1052 4272 oratio
1076 4217 1185 4288 obliqua
1209 4224 1258 4268 est.
1275 4211 1362 4284 secet

246 4295 350 4356 Iacobs..
366 4301 446 4370 Spec.
465 4301 576 4362 Emend.
594 4321 622 4371 p.
641 4305 686 4359 80.

205 4380 210 4392 '
351 4389 461 4458 pristis]
475 4400 566 4460 pestes
582 4389 672 4461 vulgo.

1476 1619 1484 2036 l
