3002 4816
763 231 835 302 918

690 320 899 337 mun—-

582 539 640 608 De
659 424 851 608 Doloriagdl
872 534 1020 610 Achille.

332 653 480 720 Praemia
500 677 615 743 magna
637 656 919 739 Dolon,-currum
941 658 1019 724 dum
1041 659 1142 747 poscit
1163 658 1314 744 Achillis,

372 761 515 827 Perdidit
535 760 603 850 ipse
622 761 754 847 cadens,
775 783 910 826 munera
931 785 1048 850 magua
1069 765 1195 834 Dolon„

758 919 842 1001 637·

601 1011 657 1080 De
678 1014 811 1080 tumulo
831 1013 993 1081 Achillis.
1111 1081 1114 1088 ,

329 1129 436 1214 Iurgia
460 1129 577 1195 conflat
596 1153 706 1212 amor,
728 1143 762 1195 ut
781 1130 927 1194 blandius
948 1142 1020 1196 urat
1039 1145 1179 1197 amantes
1186 1158 1200 1214 3

371 1235 428 1302 Ad
448 1237 614 1302 tumulum
634 1233 711 1300 fidei
733 1235 837 1322 iurgia
858 1236 975 1301 conflat
997 1257 1102 1301 amor.

588 1387 1006 1567 apsaapaffi'acam.
1124 1488 1127 1493 ·

327 1594 476 1661 Hectoris
499 1593 653 1660 Aeacides
676 1596 816 1661 domitor
837 1598 939 1678 clam,
959 1596 1119 1674 incautus,
1146 1597 1282 1662 inermis

326 1700 488 1783 Occubui,
510 1700 634 1765 Paridis
656 1700 800 1765 traiectus
823 1701 979 1767 arundine
1001 1703 1132 1790 plantas.

757 1851 842 1940 639.

688 1947 900 2033 Pyrrhus.

326 2061 431 2130 Placat
450 2062 540 2151 bustu
564 2061 662 2150 patris
674 2059 819 2147 ,iugulata
840 2060 969 2146 virg'ine
990 2061 1142 2149 Pyrrhus

365 2169 567 2256 Dilectasque
587 2169 655 2235 litat
675 2165 825 2230 manibus
847 2164 990 2232 inseriae.

325 2276 402 2341 Sors
422 2298 509 2340 nova
530 2270 783 2358 Nymphigenae
803 2282 918 2336 votum
938 2285 1010 2359 post
1030 2272 1094 2341 fata
1114 2286 1266 2339 meretur,

261 2388 264 2396 '
368 2378 477 2465 Quam
500 2374 620 2468 pepigit
639 2373 801 2455 thalamis,
823 2373 905 2438 hanc
926 2375 1019 2440 habet
1039 2378 1074 2450 iu
1092 2377 1233 2441 tumulis.
1312 2408 1316 2423 =

757 2513 841 2588 640·

584 2606 640 2673 De
667 2604 773 2704 Troio
795 2617 828 2671 et
849 2605 1010 2674 Hectore.

177 2739 181 2752 ⁸
292 2779 297 2794 t
324 2726 357 2792 Ο
379 2723 476 2790 Asiae
497 2725 572 2806 flos,
594 2723 695 2788 Troia
717 2735 847 2810 potens,
871 2746 890 2786 ο
912 2724 1030 2808 gloria!
1063 2724 1138 2810 Quo
1160 2750 1248 2791 nunc

323 2830 364 2897 In
386 2831 507 2896 cineres
530 2830 667 2917 collapsa
690 2828 793 2894 iaces?
831 2826 898 2892 Ubi
919 2828 1007 2914 regia
1027 2832 1134 2919 proles

322 2938 378 3004 Ex
399 2935 531 3001 Hecuba
548 2934 687 3012 Priami,
711 2933 842 2999 veniens
866 2955 884 2997 a
903 2934 1028 3000 semine
1047 2937 1185 3003 divdm?

323 3043 355 3110 O
380 3042 517 3124 llector,
537 3040 697 3126 quondam
721 3039 850 3103 Troum
873 3035 1063 3124 fortissime,
1085 3040 1201 3107 frustm

237 3159 260 3222 5
319 3146 474 3232 Coniugis
495 3145 530 3209 in
551 3143 631 3208 facie
652 3143 912 3230 defectorumque
935 3159 1105 3232 paremum

322 3253 464 3320 Hostiles
484 3250 619 3338 proprio
641 3248 775 3314 foedasti
796 3249 948 3336 sanguine
970 3273 1092 3316 currus.
1155 3236 1158 3248 ¹

231 3421 234 3428 ,
320 3359 416 3424 Hanc
437 3355 515 3420 adeo
538 3355 655 3442 patriae
676 3354 800 3418 cladem
821 3366 889 3436 tua,
919 3355 1044 3442 perfide
1063 3368 1181 3446 pastor,
1258 3421 1261 3424 .

323 3461 472 3529 Navibus
488 3458 617 3526 invexit
639 3459 685 3524 dia
707 3472 854 3526 execrata
875 3461 1036 3550 voluptas!

750 3601 835 3679 641.

658 3693 715 3761 De
735 3695 924 3762 Memnone.

320 3811 419 3878 Filius
439 3810 605 3892 Aurorae,
626 3810 750 3877 Phoebi
770 3811 925 3876 nascentis
946 3811 1107 3894 alumnus,

362 3916 515 3984 Producit
535 3917 636 4002 gentis
659 3915 761 3980 millia
782 3928 861 3981 tetra
880 3941 967 3983 suae.

321 4023 516 4088 succurrens
537 4019 627 4086 fessis
648 4019 751 4088 fausto
768 4046 835 4088 uon
856 4024 966 4087 omine
989 4021 1139 4104 Teucris,

362 4125 469 4213 Pergit
490 4126 617 4192 Pelidae
637 4128 781 4217 protinus
803 4151 878 4196 ense
891 4126 995 4192 mori.

189 4303 193 4314 ,
235 4245 257 4308 5
314 4234 387 4301 Iam
406 4253 492 4298 nunc
512 4244 726 4316 monstratur,
755 4245 881 4300 maneat
901 4233 956 4319 qui
976 4233 1134 4317 Pergama
1154 4251 1258 4308 casus,

359 4339 446 4404 Cum
466 4336 597 4424 nigrum
619 4336 765 4404 Priamus
785 4336 915 4424 suscipit
934 4336 1105 4402 auxilium..
