3002 4816
779 194 851 272 194

290 437 295 448 .
348 388 422 452 Sola
443 385 520 468 sibi,
542 406 609 448 nou
631 382 709 448 lucis
732 395 819 469 eget,
841 405 907 447 non
928 380 1052 470 ignibus
1071 401 1235 464 umquam,

345 495 395 557 De
416 487 536 552 lacibus
556 487 654 552 micat
672 487 741 576 ipsa
762 487 844 568 suis,
864 487 1037 572 lumenque
1058 485 1213 568 nigellum

344 593 489 664 Possidet
511 590 628 658 infelix
649 615 785 680 semper.
830 589 916 676 Quas
941 589 1085 675 aequoris
1106 587 1180 669 iras,

265 713 304 772 15
347 697 435 780 Quas
459 695 540 759 coeli
561 705 724 780 terraeque
744 697 810 760 lues
832 693 1013 759 miserabile
1033 693 1147 777 vulgus

331 799 480 864 ‘Pertulit
500 810 639 863 errantes
660 801 763 865 saevis
785 800 929 864 Tritonis
956 799 991 863 in
1013 797 1117 862 undis.

280 982 285 993 .
346 904 452 989 Atque
475 903 589 966 domus
612 902 694 967 milri
719 915 833 990 pontus
857 916 923 968 erat
945 901 1142 989 Phrygiique
1163 913 1299 988 penates,

343 1010 385 1073 Et
405 1007 494 1094 quasi
515 1007 579 1070 iam
603 1006 702 1094 pirata
721 1006 786 1091 fui,
812 1008 1017 1094 lacrimisque
1034 1003 1178 1094 profusis

343 1115 430 1178 luter
451 1134 543 1198 aquas
565 1109 699 1176 siccabat
719 1111 841 1193 homo,
861 1124 1032 1198 nostroque
1052 1108 1198 1198 profecto

260 1232 301 1294 20
342 1215 504 1282 Fluctibus
525 1215 695 1299 addebant,
716 1201 829 1281 fluctus
851 1215 1007 1280 crescebat
1029 1215 1064 1278 in
1085 1213 1185 1294 astris,
1272 1235 1282 1275 f

343 1324 386 1387 Et
404 1320 488 1386 mihi
508 1319 712 1406 naufragium
740 1320 841 1384 nostri
862 1317 966 1384 fecere
987 1319 1136 1404 liquores.

341 1427 413 1491 Iam
433 1424 551 1488 mulier
572 1423 634 1488 sibi
654 1437 747 1489 nauta
767 1421 844 1506 fuit,
870 1422 936 1488 iam
958 1421 1094 1508 virginis
1115 1433 1236 1488 astrum
1261 1475 1264 1484 .

272 1553 273 1556 ’
342 1529 435 1596 Vidit
454 1528 549 1615 virgo
569 1540 700 1616 potens,
722 1529 818 1595 fortes
839 1542 989 1615 torquere
1009 1525 1166 1610 rudentes,

250 1701 251 1706 ,
341 1635 384 1700 Et
402 1631 501 1700 remis
523 1645 629 1720 aptare
649 1657 780 1715 manus,
806 1656 945 1720 curaque
965 1633 1092 1718 vigente

258 1752 301 1814 25
343 1740 448 1804 Nocte
468 1737 550 1823 vigil
570 1735 690 1820 fuerat3
716 1761 784 1803 non
804 1751 897 1804 norat
917 1736 1038 1802 femina
1059 1757 1223 1818 somnum,

344 1843 505 1910 Sideribus
527 1842 593 1906 iam
611 1841 702 1907 docta
723 1842 800 1929 poli.
850 1842 961 1908 Labor
981 1842 1049 1930 ipse
1070 1838 1256 1926 magistram

339 1951 667 2028 Fecerat'astrorum,
700 1959 793 2012 norat
815 1946 973 2012 venientia
993 1943 1073 2025 fatam

338 2055 417 2118 Non
438 2073 498 2114 ver
519 2049 725 2134 tranquillum
746 2049 863 2134 fuerat,
884 2075 949 2116 nou
971 2051 1103 2118 mollior
1124 2063 1219 2119 aestas

319 2189 321 2192 ·
341 2154 520 2235 Sideribus,
541 2165 667 2241 tempus
688 2155 836 2239 requiem
855 2179 923 2220 non
945 2157 1078 2243 denique
1098 2160 1210 2222 norat.

767 2334 850 2404 550.

638 2437 846 2518 Coronati
871 2435 918 2505 V.
939 2437 974 2502 0.

586 2583 589 2589 .
667 2541 709 2592 De
724 2543 828 2594 esidata
843 2543 947 2612 gallina.

293 2665 296 2671 ⁴
339 2649 468 2738 Mortua
490 2671 528 2734 fit
547 2669 682 2760 praedo,
703 2670 868 2752 pullorum
889 2672 1013 2758 turgida
1033 2673 1200 2758 membris,

341 2778 394 2842 Ex
414 2775 483 2840 aliis
504 2775 629 2858 crescit,
650 2797 711 2838 nec
730 2799 798 2840 sese
819 2777 961 2866 repperit
980 2777 1014 2842 in
1035 2801 1078 2841 se.

767 2955 849 3027 551.

700 3060 908 3130 Coronati

729 3186 775 3238 'De
794 3197 878 3242 orata.

337 3305 488 3368 Medeam
511 3303 614 3370 fertur
640 3319 729 3370 natos
752 3305 978 3390 Prognemque
995 3329 1131 3372 necasse.

339 3408 392 3470 En
412 3410 492 3474 natis
514 3410 675 3497 atavisque
694 3409 792 3472 simul
811 3408 867 3470 vel
892 3410 986 3474 caede
1007 3433 1138 3474 suorum

338 3511 460 3576 Crescit
477 3515 550 3601 plus
571 3513 724 3578 moriens.
773 3515 897 3579 'Sumsit
921 3515 960 3579 de
981 3517 1072 3603 prole
1091 3521 1271 3580 tumorem!

763 3694 846 3766 552·

723 3798 887 3864 Donati

734 3929 776 3978 De
795 3939 879 3983 ovata.

336 4039 489 4103 Ovorum
511 4043 637 4128 copiosa
656 4045 797 4132 phalanx
819 4046 854 4110 in
875 4061 987 4112 ventre
1007 4047 1159 4111 tumentis

336 4141 493 4208 Conditus
514 4157 544 4210 et
564 4149 720 4214 membris
739 4152 853 4216 crescit
873 4153 992 4238 gallina
1012 4151 1151 4239 repletis.

335 4243 465 4312 Mortda
486 4252 644 4338 concepit,
666 4269 821 4339 quantum
840 4281 900 4321 neo
921 4259 998 4322 viva
1020 4254 1149 4319 creavit.
