2992 4826
515 570 665 642 Publilii
688 569 869 662 Optatioui
887 575 1088 668 Porphyrii.
1209 619 1211 626 ,

292 687 477 769 Pamcillum
497 685 625 754 fortuna
644 687 720 770 tibi,
746 711 798 752 rea
818 689 956 777 perfida,
983 691 1113 780 Quinte,
1195 709 1197 716 ’

336 795 461 860 Extulit
478 793 515 860 in
534 793 676 859 stentem
697 793 818 880 grande
838 796 1056 884 supercilium.

291 901 391 981 Nam,
406 911 440 964 ut
450 922 492 964 ne
505 899 591 964 aliud
606 898 746 981 credam,
760 910 893 987 puteum
907 913 982 987 puto
996 914 1028 966 to
1042 922 1174 990 quoqne,
1188 901 1319 992 Quinte,

336 1006 465 1093 Quanto
487 1004 565 1072 alttn
586 1003 687 1091 magia
710 1027 760 1089 es,
780 1017 847 1072 tam
867 1027 961 1092 mage
982 1005 1162 1095 despiceris.

735 1191 738 1198 ·
758 1155 843 1228 241·

723 1263 897 1348 Pentadiit

707 1371 735 1423 in
751 1371 906 1421 Hectorem.

334 1459 497 1552 Defensor
518 1462 655 1554 patriae,
678 1468 835 1534 iuvenum
853 1464 1061 1550 fortissimus,
1081 1466 1215 1552 Hector,

379 1570 446 1654 Qui
467 1595 579 1638 murus
603 1575 730 1640 miseris
751 1573 875 1640 civibus
897 1574 975 1639 alter
997 1583 1072 1658 erat,

334 1676 493 1743 Occubuit
513 1678 576 1743 telo
598 1679 748 1744 violentia
768 1680 848 1744 ictus
870 1679 1020 1746 Achillis.

378 1783 569 1850 Occubuore
589 1785 686 1851 simul
707 1809 838 1876 spesque
858 1787 1001 1872 salusque
1023 1779 1226 1872 Pluygiun.‘

250 1896 272 1961 5
334 1887 432 1952 Hunc
454 1886 539 1955 serus
561 1891 717 1957 Aeacides
740 1893 863 1958 circum
883 1915 938 1958 sua
958 1890 1214 1974 moenianum,

379 1993 470 2076 Quae
494 1993 619 2060 iuvenis
641 1998 789 2063 manibus
809 2010 931 2064 texerat
951 2008 1021 2062 ante
1041 1995 1115 2060 suis.

337 2098 369 2165 O
392 2109 523 2184 quantos
540 2099 673 2162 Priamo
695 2101 754 2166 lux
776 2103 887 2166 adtulit
907 2104 966 2169 ista
986 2103 1130 2168 dolores!

379 2199 469 2285 Quos
489 2201 580 2268 fletur
601 2203 750 2288 Hecube,
780 2229 858 2292 quos
881 2205 967 2270 dedit
988 2203 1234 2276 Andromache!

340 2306 404 2370 Sed
424 2317 552 2393 raptum
572 2321 664 2396 pater
684 2309 802 2376 infelix
824 2331 964 2396 auroque
984 2333 1158 2398 repensum

253 2428 296 2490 10
382 2409 550 2498 Condidit,
572 2424 604 2479 et
623 2435 772 2480 moerens
793 2415 854 2480 hac
872 2414 1045 2480 tumulavit
1062 2413 1176 2486 humo.

760 2563 843 2636 242.

722 2669 889 2738 Pentadii

734 2777 879 2830 Narniam.

338 2864 400 2931 cui
421 2875 509 2954 pater
530 2863 633 2932 amnis
655 2876 738 2949 erat,
757 2863 861 2932 fontes
883 2888 963 2954 puer
984 2862 1039 2930 ille
1059 2863 1180 2930 colebat

377 2970 603 3058 Laudabatque
623 2972 739 3055 undas,
768 2969 821 3036 cui
839 2983 928 3058 pater
949 2969 1053 3036 amnis
1075 2951 1151 3036 erat'.

337 3075 380 3140 Se
399 3098 478 3164 puer
499 3078 567 3166 ipse
586 3075 691 3159 videt,
719 3089 845 3165 patrem
867 3076 947 3140 dum
966 3075 1089 3163 quaerit
1107 3075 1147 3140 in‘
1164 3099 1269 3158 amne,

379 3181 615 3270 Perspiouoque
634 3182 706 3246 lacu
725 3205 760 3246 ae
779 3203 861 3268 puer
880 3179 949 3268 ipse
968 3182 1068 3248 videt.

253 3295 275 3362 5
339 3284 437 3370 Quod
452 3288 561 3374 Dryas
581 3287 655 3374 igne
676 3288 763 3368 calet,
784 3309 863 3374 puer
884 3286 970 3350 hunc
983 3287 1102 3354 inridet
1121 3311 1278 3368 amorem,

381 3392 453 3456 Nec
472 3403 560 3480 putat
580 3391 647 3457 esse
667 3391 777 3475 decus,
799 3390 884 3478 quod
904 3391 1016 3476 Dryas
1037 3391 1111 3476 igne
1132 3396 1220 3459 calet.

339 3496 405 3562 Stat
426 3507 537 3585 atupet'
549 3495 658 3564 haeret
678 3509 762 3564 amat
781 3507 871 3582 rogat
890 3495 995 3563 innuit
1015 3497 1148 3585 adspicit
1167 3499 1257 3564 ardet

378 3603 548 3670 Blanditur
569 3603 710 3690 queritur
730 3613 790 3672 stat
807 3609 909 3690 stupet
928 3601 1037 3669 haeret
1056 3615 1150 3688 aanor,

338 3708 497 3796 Quodque
517 3722 617 3794 amat,
642 3708 711 3798 ipse
730 3707 806 3775 facit
824 3709 916 3774 vultu
935 3729 1030 3795 prece
1049 3708 1175 3776 lumine
1192 3709 1278 3792 fletu,

256 3825 298 3889 10
382 3812 501 3880 Oscula
521 3814 576 3882 dat
595 3813 692 3901 souti,
714 3813 860 3904 quodque
881 3823 983 3899 amat,
1003 3813 1072 3903 ipse
1091 3812 1178 3882 facit.

762 3943 846 4015 243.

722 4053 890 4122 Pentadii

522 4204 526 4215 ,
633 4163 650 4208 ἶ.
736 4157 880 4212 Narcissus·

419 4245 547 4314 Invenit
567 4247 717 4334 proprios
735 4248 854 4319 mediis
874 4247 911 4314 iu
931 4245 1076 4316 suano
1091 4243 1192 4330 igneo,

462 4354 504 4420 Et
523 4375 584 4422 sua,
599 4351 766 4441 deceptum
786 4352 850 4420 urit
868 4351 975 4438 imago
995 4349 1129 4418 virum...
