3002 4816
676 185 750 257 207

243 374 383 462 Septima
402 373 437 438 in
458 371 586 458 Augeae
606 369 734 436 stabulis
759 372 890 459 inpense
910 371 1039 438 laboris.

245 479 366 543 Octava
386 476 519 562 expulso
540 488 725 550 numeratur
745 473 860 542 adores
881 487 979 558 tauro,

241 586 279 648 In
304 579 490 646 Diomedeis
512 579 647 646 victorie
667 601 752 644 noue
774 570 943 666 quadrigis.

158 701 198 760 10
241 687 396 772 Geryone
416 684 553 752 extincto
576 683 734 750 decimam
755 684 808 750 dat
825 684 929 750 Iberia
948 687 1100 774 palmam,

182 784 185 792 ’
241 789 459 856 Undecimum
487 789 571 852 mala
592 790 808 878 Hesperidum
836 790 979 856 destricta
999 793 1210 886 triumphum.

240 894 396 960 Cerberus
420 893 558 958 extremi
578 916 727 981 suprema
748 905 792 971 est
811 907 895 960 meta
917 897 1044 964 laboris.
1078 963 1083 980 ,

669 1071 753 1146 584·

540 1175 597 1243 De
617 1177 744 1246 Libero
760 1191 874 1268 patre.

241 1293 342 1379 Orgia
362 1294 473 1358 lassato
495 1291 637 1378 quotiens
656 1289 823 1360 solvuntur
844 1295 966 1380 Iaccho,

282 1398 348 1463 Hic
369 1397 443 1464 deus
463 1398 525 1464 uda
546 1420 639 1466 mero
661 1421 781 1488 ponere
801 1400 948 1466 membre
967 1401 1057 1470 solet.

666 1573 749 1648 585·

575 1685 672 1750 Laus
693 1681 831 1748 Martie.

238 1832 329 1900 Mars
350 1843 438 1920 pater
459 1850 642 1912 armorum,
665 1823 843 1892 fortissime
860 1825 1115 1914 belligerantum,

240 1939 318 2002 Esto
339 1937 467 2018 volens,
488 1935 593 2018 mitis,
614 1931 715 1998 facilis
737 1931 831 2014 deus,
859 1941 923 1994 esto
943 1929 1106 2018 benignus.

242 2042 296 2108 Sic
316 2039 374 2105 tibi
394 2052 464 2129 post
483 2061 603 2127 pugnas
623 2049 653 2102 et
679 2049 782 2124 pastos
801 2035 952 2122 sauguine
972 2058 1101 2126 campos

241 2144 425 2232 Amplexus
445 2144 576 2225 tribuat,
596 2142 697 2207 vincli
716 2164 843 2223 secura,
870 2140 1025 2226 Cytherel

241 2251 296 2314 Tu
317 2249 409 2314 crista
428 2247 577 2332 galeaque
595 2245 708 2328 rubes,
729 2259 779 2328 tu,
798 2245 930 2333 pulcher
953 2244 989 2310 iu
1010 2268 1091 2329 aere,

239 2354 359 2421 Incutis
381 2373 399 2415 e
418 2351 508 2416 vultu
528 2349 682 2416 radiantia
701 2351 841 2416 luminas
863 2348 950 2416 ferro

239 2461 291 2526 Te
310 2459 424 2523 thorax
445 2457 593 2542 galeaque
612 2468 736 2543 tegunt,
757 2479 824 2522 non
845 2477 907 2542 quo
931 2454 987 2519 tibi
1004 2466 1108 2519 terror

238 2561 373 2630 Hostilio
391 2561 511 2644 subeat,
531 2561 588 2626 sed
609 2561 697 2647 quod
719 2560 815 2625 decor
835 2560 903 2625 exit
922 2559 962 2623 ab
982 2558 1092 2625 armis.

239 2670 293 2733 Tu
314 2689 388 2730 oum
410 2665 524 2752 pulsati
545 2666 653 2753 clypei
674 2664 868 2728 concusseris
889 2664 1013 2746 orbem,
1122 2676 1125 2692 '

157 2787 199 2846 10
240 2769 394 2856 lmmugit
414 2767 568 2851 mundus,
590 2770 680 2834 tellus
700 2769 978 2855 t1emit‚eequora
1001 2768 1126 2834 cedunt.

238 2877 292 2942 Da
311 2871 403 2938 nobis
424 2873 578 2956 reditum,
604 2873 742 2961 patriam
765 2885 943 2960 repetemus
964 2883 1108 2937 ovantes.

238 2981 292 3045 Sic
312 2978 373 3043 tibi
393 2978 529 3044 lasciuae
549 2977 745 3046 celebrentur
765 2975 801 3040 in
820 2974 899 3040 urbe
919 2973 1093 3040 Kalendae.

668 3145 751 3224 586·

473 3258 584 3348 Super
605 3269 754 3326 statuam
779 3255 818 3327 V
817 3258 938 3352 enoris.

241 3411 297 3474 Sol
318 3409 395 3473 calet
412 3406 486 3494 igne
507 3430 591 3472 meo.
632 3407 758 3493 Flagrat
781 3405 950 3494 Neptunus
970 3410 1006 3469 in
1025 3403 1128 3480 undis.

238 3515 339 3578 Pensa
361 3511 434 3577 dedi
455 3510 600 3576 Alcidae.
643 3511 806 3576 Bacchum
826 3509 950 3575 servire
971 3510 1072 3597 coegi,

240 3618 399 3702 Quamvis
421 3617 522 3682 Liber
543 3627 621 3680 eret.
662 3613 739 3680 Feci
759 3615 885 3701 mugire
907 3614 1099 3680 Tonantem.

243 3721 415 3807 [Quemvis
435 3722 536 3787 Liber
557 3721 647 3807 erat]
690 3720 832 3788 Martem
859 3718 928 3784 sine
947 3719 1052 3786 Marte
1074 3723 1194 3810 subegi.

340 4007 396 4073 De
417 4010 535 4096 sigillo
556 3899 736 4097 Gepidirizi
758 4029 867 4094 aquae
879 4002 1074 4092 fundentis.

242 4144 320 4229 Igne
340 4143 501 4209 salutifero
524 4143 660 4210 Veneris
680 4167 761 4232 puer
781 4141 891 4206 omnia
912 4141 1094 4223 flammans,

282 4249 347 4312 Pro
372 4247 492 4314 fecibus
511 4248 652 4338 propriis
677 4259 742 4312 arte
768 4245 927 4312 ministret
948 4269 1051 4332 aquas.
