3002 4816
572 251 778 352 ’,π-φρ,

202 437 397 530 Progeniem
418 458 554 527 parvam
577 461 731 525 curaeque
750 437 880 526 iraeque
900 437 1086 528 mquehent,

121 560 162 618 10
205 543 359 612 Threicio
380 542 449 630 regi
470 565 545 610 cum
567 543 634 612 iam
654 561 784 610 sctatrus
804 565 958 612 amorum
1175 545 1177 554 ⁴

205 648 357 738 Coniugis
376 643 526 716 infandae
545 647 629 714 inter
649 648 771 714 deserta
793 647 935 718 ferarum
1034 649 1037 658 ’

202 753 263 818 Fas
283 776 383 823 omne
401 751 580 842 abrumpit,
599 752 781 840 pariterque
800 753 955 842 loquentis
976 749 1015 820 eb
1036 773 1093 818 ore

204 856 334 924 Occidit
352 856 511 924 exanimis
533 880 601 926 vox
621 856 691 946 ipsa
712 870 742 924 et
763 857 879 947 frigide
901 861 1019 946 lingna

204 963 303 1030 Haud
323 963 445 1051 inpune
457 961 595 1054 quidem
617 960 777 1030 dementis
796 965 879 1054 oepit
899 975 1071 1036 amantem.

123 1080 164 1140 15
205 1066 339 1134 Pectore
360 1067 396 1132 in
417 1063 662 1146 adverso-saevi
683 1081 893 1142 monumenta
913 1065 1045 1140 doloris.

127 1253 128 1259 ἵ
205 1173 342 1260 Fertque
362 1165 521 1257 refertque
540 1195 634 1236 soror
653 1174 839 1262 crimenque
862 1187 893 1242 et
913 1171 993 1241 facta
1014 1172 1157 1260 tyranni.

207 1274 341 1362 Sanguis
362 1275 403 1341 ait
423 1276 534 1340 solitae
550 1288 717 1364 postquem
741 1280 811 1345 data
831 1279 924 1368 copia
945 1278 1044 1344 fandi.

206 1378 352 1445 Vulnera
373 1381 507 1446 siccabat
527 1379 651 1444 circum
671 1379 857 1469 praecordia
877 1380 1018 1468 sanguis.

207 1482 345 1572 Accipe,
366 1484 425 1569 ait,
445 1507 562 1552 vocem
583 1493 615 1550 et
633 1507 729 1550 saevo
750 1487 796 1551 sic
816 1498 945 1576 pectore
965 1473 1064 1549 satur:

123 1601 166 1662 20
208 1591 281 1656 Heu
300 1591 482 1656 miserande
499 1613 596 1678 puer,
622 1611 708 1654 nunc
726 1602 758 1654 te
778 1589 840 1655 ista
859 1589 949 1678 inpia
967 1599 1108 1674 tangunt,

144 1777 147 1785 Α
206 1693 342 1781 Regales
362 1693 446 1760 inter
466 1716 592 1759 mensas
612 1693 763 1780 genitoris
783 1705 813 1758 et
834 1716 891 1759 ora

207 1799 328 1866 Polluit
347 1823 404 1865 ore
424 1799 539 1886 depes,
566 1795 719 1882 quidquid
740 1797 887 1862 solamen
912 1793 1069 1862 humandi
1088 1805 1144 1862 est.

210 1907 301 1970 Dum
323 1903 450 1989 genitor
466 1901 534 1966 nati
554 1921 665 1964 morsu
693 1897 869 1984 depascitur
889 1912 983 1982 artus,

208 2008 251 2074 Et
270 2031 365 2072 soror
386 2017 419 2072 et
443 2005 585 2072 coniunx
604 2001 765 2092 petierunt
784 2004 909 2077 aethera
928 2006 1054 2095 pennis.

636 2155 720 2242 690.

550 2249 607 2316 De
626 2247 803 2328 Pallante.

207 2369 308 2435 Filius
332 2366 477 2434 Evandri
485 2415 499 2449 ,,
515 2363 634 2446 Pallas,
655 2386 752 2450 quem
772 2365 881 2432 lancea
899 2364 1009 2434 Turni

250 2473 366 2540 Militis
388 2471 521 2554 occidit,
547 2470 636 2534 mole
656 2493 712 2535 sua
733 2470 814 2536 iacet
834 2473 898 2538 hic.

639 2623 723 2708 691·

453 2713 511 2782 De
530 2711 691 2804 Aegypto
712 2725 747 2781 et
766 2715 904 2784 Danao.

210 2829 337 2897 Perfida
355 2853 424 2898 nox
445 2827 550 2894 Danai
574 2829 719 2894 dirarum
740 2830 835 2895 caede
853 2854 1015 2916 sororum,

254 2933 345 3001 Mitis
366 2933 661 3022 Hypermnestrae,
678 2931 805 3021 perfida
825 2959 894 3004 nox
913 2935 1030 3010 Danai.

291 3197 350 3265 De
368 3195 649 3286 Bellerophonte,
671 3197 808 3283 Pegaso
826 3203 861 3259 et
881 3192 1073 3263 &amru-
1127 3187 1130 3212 ⁸

217 3314 358 3383 Vectem
378 3312 516 3398 Pegaseo
538 3312 665 3378 volucri
690 3311 848 3402 pendente
868 3307 989 3374 caballo

258 3417 409 3506 Compita
429 3428 594 3484 smsemnt
613 3415 861 3505 Bellerophonte
880 3413 989 3478 deum.

183 3577 186 3582 ,
218 3524 326 3594 Cuius
338 3524 399 3590 iter
420 3545 537 3591 vacuos
557 3533 588 3586 et
608 3522 730 3587 calcans
751 3520 868 3607 ungula
887 3527 1002 3584 ventos

376 3658 799 3680 -fflsss-

216 3894 275 3960 Est
294 3892 366 3974 via,
388 3915 468 3982 qnae
483 3768 750 3983 populum6d91ieit
776 3876 910 3962 'lunens
931 3882 972 3960 ed
984 3883 1114 3974 sedem,

261 3999 348 4064 Fons
369 3997 426 4063 ubi
446 3997 566 4066 nativis
590 3995 665 4063 a'e‘ra
680 3997 789 4088 pulsat
810 3993 914 4081 aquis:

218 4099 370 4189 Quisquis
390 4101 432 4169 ad
451 4101 534 4166 hanc
552 4099 675 4189 pergis,
704 4098 880 4172 ,Periandri
906 4109 1050 4190 nanssge
1069 4089 1245 4167 lhemffle,

260 4205 383 4292 Antra,
405 4204 537 4288 domos,
562 4205 672 4274 curvis
691 4223 796 4296 parve
813 4200 1044 4290 stleatrelociq,

133 4323 157 4386 5
219 4311 263 4379 Et
282 4309 370 4400 ripas
391 4307 523 4382 Athesis
542 4305 1040 4462 Phrygiiquepalatia,leni¹²6⁸
