2876 4824
737 183 786 250 10

659 266 863 286 m

730 369 792 444 37-

545 479 592 545 Μ.
621 475 775 546 Terentii
799 479 982 552 Varronis.

451 583 642 652 (Subscriptum
658 584 762 652 imagini
778 587 907 642 Demetrii
922 591 1067 662 Phalerei.)
1104 667 1108 678 .

413 674 478 742 Hic
498 672 693 746 Demetrius,
704 697 806 742 aereas
825 689 870 742 tot
889 683 1007 766 aptu'st,

364 867 368 874 .
415 778 505 866 Quot
522 780 608 846 luces
628 779 720 846 habet
739 771 1026 860 annus'absolutus.
1139 853 1141 857 ,

731 910 791 982 38.

541 1019 594 1085 Μ.
619 1016 772 1084 Terentii
798 1014 983 1086 Varronis.

592 1120 658 1189 (Sub
675 1120 785 1188 imagine
802 1121 931 1192 Homeri.)

241 1231 245 1244 ·
279 1211 408 1300 Capella
426 1209 566 1286 Homeri
585 1208 716 1272 candida
736 1208 993 1278 haectumulum
1012 1212 1159 1298 iudicans

279 1313 377 1401 Quod
396 1313 556 1384 baalitae
576 1324 703 1378 mortuo
724 1309 845 1380 faciunt
863 1339 962 1391 sacra.
995 1317 996 1322 ’

542 1549 593 1617 Μ.
616 1546 770 1616 Terentii
795 1547 978 1622 Varronis.

485 1719 487 1724 Ι
600 1653 627 1704 in
642 1652 794 1722 Menippum
809 1655 927 1728 lyricum.

282 1745 465 1834 Menippus
484 1742 553 1822 ille,
573 1741 691 1806 nobilis
712 1743 873 1830 quondam
894 1747 990 1831 canis,

281 1851 346 1918 Hie
364 1848 455 1938 liquit
476 1845 622 1911 homines
640 1869 752 1912 omnes
773 1847 910 1916 interra
931 1850 1007 1940 pila.

731 1975 793 2049 40·

544 2083 598 2150 Μ.
622 2083 778 2151 Terentii
801 2082 986 2157 Varronis.

604 2205 637 2243 ex
652 2187 814 2242 Prometheo
830 2187 930 2245 libero.

280 2279 449 2346 Humanae
468 2275 628 2362 quandam
647 2276 756 2365 stupis
775 2286 903 2362 gentem
922 2280 1089 2366 concoquit
1130 2312 1132 2316 ·

280 2380 399 2468 frigus,
419 2381 525 2447 calore
545 2394 636 2470 atque
653 2383 791 2450 humore
807 2380 998 2449 aritudinem

281 2488 418 2556 miscens
461 2531 728 2560 ......

283 2594 375 2659 Dum
394 2589 434 2656 iis
453 2592 605 2658 subernns
625 2603 737 2659 oonex
754 2605 805 2659 aut
825 2592 989 2660 cacumina

221 2711 242 2773 5
283 2697 478 2764 morientum
498 2696 533 2762 in
554 2719 669 2783 quercu
691 2709 724 2762 et
744 2698 900 2765 aritudine

282 2815 312 2868 et
332 2799 467 2886 exangui
488 2801 592 2866 calore
613 2801 765 2867 evirescat
785 2803 882 2869 oolos.

282 2905 428 2974 Mortalis
448 2927 546 2970 nemo
566 2903 708 2989 exaudit,
728 2907 784 2971 sed
804 2909 869 2973 late
889 2907 1030 2973 incolens

285 3010 479 3098 Scytharum
498 3010 696 3099 inhospitalis
718 3012 823 3100 campi
844 3012 982 3079 vastitas.

283 3113 481 3182 Levisomna
499 3139 592 3181 mens
613 3117 778 3184 sonorinas
798 3117 953 3204 imagines

223 3235 264 3298 10
284 3219 411 3306 affatur,
431 3243 499 3288 non
518 3220 707 3288 umbrantur
729 3245 844 3288 somno
864 3223 1013 3311 pupulae..

637 3349 639 3354 .
736 3354 798 3423 41.
1072 3319 1077 3354 i

549 3459 599 3526 Μ.
628 3457 783 3525 Terentii
807 3456 990 3526 Varronis.

556 3571 557 3576 ’
689 3563 720 3616 'in
732 3562 848 3630 Sarapin.

289 3652 431 3734 Hospes,
451 3651 526 3738 quid
547 3654 663 3734 miras,
683 3672 784 3714 numo
806 3671 916 3714 curare
937 3650 1095 3739 Sarapin?

328 3754 440 3841 Quid?
469 3756 555 3846 quasi
576 3781 642 3823 uon
664 3768 751 3822 curet
767 3752 919 3821 tantidem
940 3754 1137 3822 Aristoteles.

554 4017 605 4084 M.
630 4013 785 4082 Terentii
812 4011 994 4082 Varronis.

289 4120 366 4186 Non
386 4119 425 4185 fit
444 4121 613 4203 thesauris,
631 4145 697 4188 non
709 4143 794 4186 vauro
815 4121 918 4208 pectur'
937 4119 1086 4184 solutum.

288 4225 367 4292 Non
388 4228 522 4294 demunt
542 4226 656 4292 animis
673 4245 766 4292 -cu1us
788 4246 823 4290 ao
845 4222 1013 4308 religiones

289 4333 458 4402 Persarum
478 4344 620 4416 montes,
641 4355 707 4398 non
727 4330 804 4396 suis
824 4325 927 4394 diviti'
950 4323 1066 4390 Crassi.
