2992 4826
690 279 891 394 *eg*

751 491 835 562 180.

624 596 785 666 Petronii
804 595 952 664 Arbitri.

403 711 529 782 Fallunt
548 733 606 777 nos
628 709 731 798 oculi,
755 710 891 798 vagique
909 737 1016 780 sensus

402 821 565 910 Oppressa
583 815 707 882 ratione
726 816 934 884 mentiuntur.

402 925 493 992 Nem
511 922 619 1005 turris,
639 946 740 1013 prope
760 947 839 1011 quae
861 923 1008 1011 quadrata
1027 923 1137 1010 surgit,

402 1028 541 1098 'Adtritis
561 1029 674 1118 procul
694 1027 816 1114 angulis
836 1039 967 1093 rotatur.
1062 1048 1066 1055 ’

400 1135 589 1222 Hyblaeum
609 1131 726 1220 refugit
744 1144 829 1198 satur
846 1131 1024 1219 liquorem„
1145 1141 1149 1148 '

401 1239 446 1304 Et
464 1239 550 1304 naris
572 1237 690 1305 casiam
709 1235 891 1325 frequenter
912 1232 998 1304 odit:

400 1342 476 1409 Hoc
495 1341 553 1410 illo
573 1343 676 1432 magis
697 1355 749 1410 eut
771 1341 878 1407 minus
898 1343 1027 1432 placere

400 1447 482 1515 Nou
502 1461 622 1538 posset,
645 1447 710 1514 nisi
728 1448 783 1515 lile
804 1447 954 1514 destinata

401 1551 584 1642 Pugnarent
604 1551 701 1620 dubio
725 1563 835 1618 tenore
855 1575 975 1620 sensus.

625 1808 787 1877 Petronii
806 1805 956 1883 Arbitri.

322 1925 401 1993 Non
419 1920 493 1988 setis
514 1933 576 2005 est,
594 1923 680 2010 quod
700 1947 767 1994 nos
782 1922 918 2010 mergis,
939 1919 1059 1987 furiosa
1080 1921 1238 2008 iuventus,

367 2028 646 2112 Transversosque
666 2028 750 2117 rapit
770 2026 857 2094 fama
876 2029 997 2118 sepulta
1016 2028 1167 2117 probris?

324 2131 424 2200 Anne
444 2127 542 2196 etiam
562 2126 677 2195 famuli
698 2144 829 2218 cognata
848 2130 935 2203 faece
953 2134 1070 2223 sepulti

365 2234 495 2301 Intesta
514 2256 635 2300 merses
654 2234 856 2301 luxuriemur
877 2239 976 2324 opes?

240 2352 263 2416 5
325 2339 412 2408 Vilis
434 2359 545 2405 servus
566 2337 661 2404 hebet
679 2339 771 2425 regni
790 2339 893 2420 bons,
920 2341 1059 2426 cellaque
1080 2343 1162 2430 capti

365 2443 500 2511 Deridet
519 2440 650 2510 festram
669 2441 925 2528 Romuleamque
948 2465 1066 2510 casam.

278 2574 283 2582 ·
322 2548 448 2617 Idcirco
468 2549 570 2615 virtus
591 2548 700 2614 medio
719 2548 800 2614 iacet
819 2548 932 2616 obruta
952 2572 1063 2635 eoem,
1155 2565 1158 2569 '

365 2653 534 2744 Nequitiee
554 2655 666 2722 classes
686 2653 821 2721 candida
844 2655 916 2721 vela
935 2653 1056 2722 ferunt.

748 2823 832 2897 182·

707 2930 877 2999 Petronii.

324 3043 404 3110 Non
424 3057 470 3109 est
490 3039 598 3110 forme
616 3043 705 3128 estis,
725 3068 790 3115 nec
810 3070 889 3135 quae
908 3046 980 3114 vult
998 3045 1084 3114 bella
1104 3048 1220 3133 videri,
1335 3089 1339 3098 ·

366 3146 472 3215 Debet
486 3147 613 3236 vulgari
631 3171 727 3215 more
741 3151 867 3241 placere
887 3151 965 3220 sibi=

323 3249 434 3336 Dicta,
454 3253 553 3338 sales,
574 3254 677 3337 lusus,
698 3257 859 3323 sermonis
879 3256 1099 3344 gratia,1isus

366 3353 514 3422 Vincunt
532 3369 666 3424 namrae
682 3359 877 3426 candidioris
899 3383 988 3448 opus.

241 3470 264 3533 5
326 3459 446 3526 Condit
466 3461 556 3534 enim
576 3460 735 3548 formem,
760 3462 914 3550 quidquid
937 3463 1134 3530 consumitur
1155 3463 1240 3548 artis,

367 3563 409 3674 Et
427 3567 490 3634 nisi
510 3569 596 3637 velle
609 3567 736 3680 'spbesss
756 3567 857 3654 gratia
876 3578 943 3636 tote
963 3568 1055 3658 perit.

745 3740 829 3810 183·

715 3847 874 3915 Petronii

671 3950 775 4021 (Amans
802 3951 915 4020 amanti.)

329 4045 472 4112 Candida
491 4047 622 4115 sidereis
643 4051 809 4118 ardescunt
830 4050 955 4117 lumina
976 4047 1129 4131 flammis,

326 4150 476 4218 Fundunt
496 4155 578 4220 colla
598 4179 686 4222 rosas
707 4167 738 4222 et
759 4137 1001 4222 cedifcrinibus
1022 4175 1146 4233 eurum,

325 4256 443 4324 Mellea
462 4281 660 4350 purpureum
682 4263 874 4352 depromunt
894 4283 952 4328 ora
971 4259 1135 4338 ruborem,

325 4361 502 4453 lacteaque
523 4363 684 4435 admixtus
704 4367 854 4436 sublimat
872 4361 1154 4457 pedoresanguis,
