2992 4826
708 203 756 318 9‘1

345 427 547 517 scillamque
558 426 778 516 elleborosque
797 446 910 515 graves
932 439 963 494 et
982 428 1100 502 suliirra
1120 430 1209 516 vira,

343 533 496 603 Obscuris
518 556 595 599 vera
618 533 790 598 involvens
812 533 1015 620 lacrimisque
1031 537 1142 602 coactis

344 641 435 732 Voce
457 663 574 707 vocans
596 639 738 734 Hecaten
759 652 790 706 et
806 661 874 706 nou
889 639 1102 706 memorabile
1123 625 1243 712 numen

341 748 443 816 Ferro
465 746 602 812 accincta
623 758 727 811 vemt.

341 851 433 916 Haec
453 851 545 916 effata
564 852 653 937 silet,
677 853 775 920 oculis
796 852 894 918 micat
915 853 1036 918 acribus
1056 853 1150 942 ignis,

341 957 540 1046 Expectans,
562 980 641 1044 quae
660 958 749 1046 signa
769 957 889 1038 ferant,
909 958 1020 1046 ignara
1040 958 1148 1028 futuri.

345 1061 497 1150 Eripiunt
516 1062 619 1128 subito
640 1064 740 1132 nubes
761 1066 948 1150 coelumque
969 1064 1118 1151 diemque

341 1167 384 1232 Et
403 1165 589 1232 tremefacta
608 1170 679 1234 solo
699 1169 806 1253 tellus,
826 1169 923 1234 micat
943 1169 1069 1255 ignibus
1091 1169 1209 1237 aether.

343 1273 503 1339 Continuo
525 1274 648 1340 auditae
668 1296 765 1340 voces
787 1275 908 1362 vagitus
930 1275 1103 1363 stringens,

341 1377 439 1444 Visus
460 1378 569 1444 adesse
588 1379 708 1468 pedum
731 1380 851 1450 sonitus
872 1393 903 1448 et
924 1405 1019 1447 saeva
1038 1406 1153 1448 sonare

225 1535 229 1545 .
341 1481 501 1567 Verbera,
522 1497 592 1550 tum
613 1486 762 1574 vbaeque
783 1507 873 1552 canes
894 1488 1017 1554 ululare
1035 1512 1095 1578 per
1114 1487 1245 1554 umbras

295 1595 298 1626 ³
338 1586 550 1658 Adventante
571 1590 645 1673 dea,
665 1591 834 1678 refluitque
854 1593 1022 1658 exterritus
1044 1591 1149 1685 amnis

303 1729 306 1734 ·
340 1697 542 1784 Et··,pavidae
562 1693 684 1776 matres
704 1717 848 1782 pressere
869 1697 908 1760 ad
928 1710 1056 1786 pectora
1075 1709 1175 1762 natos.

324 1799 473 1866 Exhinc
493 1799 675 1886 Gorgoneis
696 1799 812 1863 ntecto
833 1798 949 1864 infecta
971 1803 1103 1870 venenis

340 1905 541 1991 Exurgitque
562 1902 666 1968 facem
688 1889 841 1967 adtollens
862 1915 953 1990 atque
973 1904 1095 1975 intonat
1115 1931 1187 1974 oret

343 2007 486 2095 Respice·
499 2009 539 2070 ad
555 2008 642 2087 haec,
664 2005 777 2072 adsum
801 2008 946 2076 dirarum
967 2011 1006 2076 ab
1026 2012 1101 2077 sede
1120 2037 1287 2080 sororums

269 2171 271 2176 .
338 2113 434 2180 Bella
452 2133 553 2176 manu
572 2111 734 2198 letumque
754 2135 843 2198 gero.

274 2229 280 2283 ἵ
320 2217 639 2284 ·.Talia·ce1nentem
660 2216 793 2282 tandem
815 2218 861 2283 sic
881 2243 953 2286 orsa
973 2219 1135 2288 uicissim:

341 2323 468 2390 Venisti
489 2322 637 2388 tandem:
654 2345 790 2388 mecum
810 2325 929 2413 partire
948 2325 1104 2410 laborem,

223 2462 245 2491 ’,ι
274 2476 276 2488 .
326 2431 396 2494 mu
417 2429 492 2511 dea,
515 2438 550 2492 tu
571 2451 718 2516 praesens
740 2428 1021 2496 animissinlabere
1041 2430 1172 2496 nostris.

242 2567 247 2585 ι
335 2533 471 2602 *Dissice
487 2533 700 2622 compositam
719 2559 831 2624 pacem
838 2560 945 2612 ‚sere
965 2536 1102 2606 crimina
1121 2535 1199 2600 belli

268 2677 290 2690 ,.
341 2639 504 2725 (Namque
525 2639 654 2727 potes):·
674 2641 767 2706 -colui
788 2638 912 2708 vestros
932 2643 967 2707 si
987 2665 1116 2732 semper
1135 2641 1286 2744 honores.

248 2793 251 2803 .
340 2741 473 2808 Talibus
494 2741 607 2808 Alecto
630 2744 916 2812 diesisexarsittn
935 2747 1019 2812 iram

296 2887 299 2896 .
341 2847 727 2933 Horrendumctnidens,
746 2853 928 2938 pavidoque
948 2852 1025 2916 haec
1046 2851 1167 2918 addidit
1187 2873 1259 2916 ores
1346 2885 1348 2897 ι

257 2993 273 3014 ·.
299 3011 301 3018 .
342 2953 373 3019 0
395 2953 667 3036 germanamil1i‚
690 2955 781 3020 mitte
801 2955 883 3018 hanc
906 2955 1093 3042 depectere
1115 2953 1235 3024 curam.

342 3057 441 3122 Nunc
458 3057 486 3121 si
506 3052 589 3120 bella
609 3071 722 3142 pares,¹
737 3059 823 3122 luctu
843 3057 981 3122 miscere
1001 3058 1209 3142 hymenaeos,

292 3205 294 3208 -
342 3162 564 3244 Funereasque
582 3157 705 3222 inferre
726 3157 808 3224 faces
829 3172 860 3225 et
880 3158 1008 3244 cingere
1028 3159 1171 3244 flamma,

244 3327 245 3331 ,
343 3263 509 3352 Quidquid
521 3263 556 3330 in
572 3275 637 3330 arte
648 3285 721 3328 mea
733 3286 875 3352 possum,
888 3263 1075 3329 meminisse
1087 3286 1213 3331 necesse
1226 3279 1287 3348 est;

343 3373 508 3456 Quantum
529 3369 617 3457 ignes
640 3369 826 3456 animaeque
841 3371 957 3454 valent,
983 3369 1095 3436 absiste
1117 3373 1286 3461 precando.

301 3466 306 3476 i
341 3480 479 3546 Dixerat
502 3476 655 3542 adtollens
677 3476 842 3542 stridentes
865 3475 1018 3564 anguibus
1039 3477 1114 3561 alas,

230 3606 234 3615 “
341 3583 504 3649 Ardentes
525 3583 601 3648 dare
622 3583 692 3648 visa
713 3580 796 3648 faces
817 3605 930 3670 supera
951 3583 1048 3648 ardua
1069 3582 1226 3670 linquens.

322 3687 403 3752 .Illa
424 3687 515 3754 dolos
538 3689 639 3776 aperit
659 3687 863 3776 flammisque
885 3689 1068 3775 sequacibus
1089 3687 1153 3754 iras

344 3791 511 3878 Iungebat‚
534 3793 695 3880 duplicem
716 3793 853 3882 gemmis
876 3817 1015 3881 amoque
1036 3817 1191 3860 coronam

328 3896 533 3964 ,Consertam
554 3899 693 3984 squamis
716 3911 919 3988 serpentum,
946 3901 1079 3967 flamma
1099 3901 1265 3968 volantem

343 4001 495 4089 Inplicat,
526 4002 883 4089 involvitque-domum
905 4007 1040 4093 caligine
1060 4013 1151 4072 ca'eca

344 4109 562 4197 Prospectum·
574 4108 711 4196 eripiens
733 4110 849 4195 oculis,
870 4111 954 4177 mihi
973 4111 1107 4198 frigidus
1128 4111 1246 4176 horror

344 4211 496 4280 Membra
518 4215 615 4301 quatit
634 4215 819 4303 gelidusque
840 4217 903 4282 coit
923 4215 1101 4282 formidine
1124 4213 1261 4300 sanguis.

310 4334 313 4342 ’
346 4319 555 4410 Inprovisum
576 4320 676 4411 aspris
698 4322 799 4388 veluti
820 4323 874 4412 qui
897 4319 1035 4391 sentibus
1057 4335 1193 4404 anguem
