3000 4820
697 257 902 362 *aar*

430 568 646 660 Epitaphium
666 564 711 638 de
720 453 964 660 filliis6bugeie
983 559 1171 668 infantula.
1195 559 1198 564 ¹
1225 566 1230 577 '

335 721 409 786 Heu
430 717 523 784 dolor
544 728 576 782 et
594 715 719 806 magnis
739 740 868 808 semper
888 740 978 784 mors
999 716 1113 785 inv-ida
1133 717 1213 796 fatis,

335 825 427 909 Quae
445 835 570 889 teneros
592 834 675 888 artus
693 821 828 888 inimico
849 823 955 890 sidere
974 826 1106 913 mergit!

332 930 470 996 Demira
489 927 552 992 hoc
578 928 701 992 tumulo
722 927 837 1014 regalis
858 928 1014 997 clauditur
1033 928 1156 1013 infans,

334 1036 397 1102 Cui
416 1034 483 1099 vita
502 1031 640 1097 innocua
659 1044 704 1112 est
730 1045 841 1120 quarto
863 1033 987 1123 dirupta
1007 1037 1064 1100 sub
1086 1058 1183 1100 anno.

334 1143 442 1228 Quam
463 1136 556 1203 facile
577 1134 744 1202 obfuscant
763 1136 939 1203 iucundum
958 1129 1060 1208 tristia
1079 1141 1210 1207 lumen!

333 1247 443 1312 Nemo
464 1241 573 1308 rosam
585 1241 758 1317 albentem,
780 1239 876 1307 fuerit
895 1243 958 1310 nisi
980 1266 1058 1331 quae
1078 1229 1180 1327 bona,
1203 1243 1313 1333 carpit.

334 1354 423 1420 Haec
442 1371 578 1439 parvam
598 1358 731 1412 aetatem
752 1359 862 1413 cunda
883 1371 958 1413 cum
986 1344 1079 1411 laude
1107 1344 1238 1434 ferebat,
1357 1339 1362 1344 ’

335 1455 435 1522 Grata
453 1451 553 1518 nimis
574 1450 694 1541 speeie,
716 1452 898 1518 verecundo
919 1451 1046 1544 garrula
1068 1452 1173 1537 vultu,
1230 1517 1233 1526 ,

334 1565 477 1630 Naturae
499 1555 629 1644 ingenio
647 1555 793 1622 modicos
816 1569 1021 1647 superaverat
1040 1577 1152 1622 annos.

252 1681 294 1746 10
332 1669 437 1736 Dulce
455 1661 658 1750 loquebatur,
679 1662 831 1750 quidquid
853 1674 1106 1753 praesumpserat
1134 1682 1201 1745 ore,

271 1815 274 1820 ,
332 1774 522 1860 Linguaque
542 1767 709 1833 diversum
729 1765 880 1834 fimdebat
907 1766 1022 1833 mellea
1040 1791 1203 1852 murmur,

334 1880 519 1962 Tamquam
541 1872 653 1939 avium
673 1895 811 1938 vernare
830 1873 909 1938 solet
927 1898 986 1963 per
1005 1886 1156 1962 tempora
1179 1887 1296 1941 canus.

336 1982 441 2050 Huius
463 2001 581 2067 puram
602 1977 746 2071 animam
766 1979 917 2044 stellantis
934 1978 1023 2066 regia
1043 1977 1124 2045 coeli

335 2085 497 2168 Possidet,
519 2095 551 2148 et
570 2082 657 2148 iustis
679 2082 766 2147 inter
786 2083 876 2150 videt
896 2108 963 2150 esse
984 2085 1130 2155 catervis.

254 2209 295 2278 15
336 2193 385 2264 At
403 2202 492 2281 pater
512 2188 646 2276 Oageis‚
671 2186 817 2276 Libyam
840 2186 921 2252 dum
940 2188 1078 2276 protegit
1097 2190 1208 2275 armis,
1325 2245 1328 2250 ,

336 2295 475 2364 Audiuit
493 2293 597 2360 subito
618 2290 801 2359 defunctam
821 2291 934 2358 funere
952 2303 1074 2359 natam.

337 2399 476 2469 Nuntius
498 2397 552 2462 hic
571 2395 702 2486 gravior
722 2397 841 2462 cunctis
862 2395 924 2462 fuit
944 2395 1085 2460 hostibus
1107 2397 1168 2482 illi,
1267 2395 1268 2398 '

337 2511 471 2600 Ipsaque
485 2502 543 2569 sub
563 2501 619 2568 tali
638 2499 730 2569 flevit
750 2501 895 2570 Victoria
917 2523 999 2565 casu.

759 2720 844 2796 357·

523 2852 578 2926 Dc
599 2849 848 2941 aquiscalidis
869 2825 1121 2930 cernentibus„

338 2999 453 3068 Ardua
473 3010 643 3064 montanos
662 2995 746 3062 inter
765 2995 963 3086 splendentia
982 2996 1071 3061 lucos
1239 3078 1241 3082 Ι

381 3101 533 3173 Culmina
555 3113 586 3166 et
604 3099 763 3187 indigenis
788 3122 874 3169 nunc
893 3097 1065 3166 metuenda
1078 3097 1173 3185 -feris,

339 3212 413 3300 Qua
433 3211 554 3275 deserta
574 3207 662 3296 prius
682 3208 790 3299 solum
811 3230 924 3272 nemus
947 3219 1036 3273 antra
1054 3208 1218 3288 tenebant,

381 3315 541 3403 Tetraque
561 3314 753 3380 inaccessam
774 3309 891 3378 fecerat
909 3313 1025 3379 umbra
1046 3314 1137 3379 viam
1157 3349 1200 3360 -

256 3437 277 3500 5
340 3423 413 3510 Qua
432 3443 493 3488 vos
513 3420 606 3485 laude
627 3438 740 3484 canam
761 3432 939 3506 quantoque
959 3418 996 3483 in
1017 3420 1161 3484 carmine
1185 3417 1306 3499 tollam,

381 3529 421 3594 In
441 3525 553 3614 quibus
575 3538 718 3592 extructa
737 3539 782 3591 est
803 3536 897 3612 atque
922 3526 1026 3590 locata
1040 3525 1146 3594 salus?

341 3633 408 3700 Hic
431 3631 530 3696 etiam
545 3630 671 3718 ignotas.
687 3644 790 3721 stupet
818 3633 858 3696 ad
879 3630 1039 3720 praetoria
1059 3628 1173 3696 feruor

380 3735 513 3803 Plenior
535 3748 566 3801 et
586 3736 703 3802 calidas
721 3746 807 3800 terra
827 3734 990 3802 ministrat
1010 3759 1116 3825 aquas.

341 3837 423 3928 Quis
450 3840 593 3907 sterilem
619 3863 687 3906 non
715 3839 822 3904 credat
848 3839 1011 3911 humum?
1039 3844 1208 3910 Fumantia
1228 3851 1366 3908 vernant

259 3959 312 4021 10*
383 3946 515 4028 Pascua,
535 3947 675 4012 luxuriat
694 3944 842 4032 gramine
861 3958 948 4012 cocta
968 3949 1062 4021 silex.

340 4051 498 4117 Innocuos
519 4049 602 4118 fotus
622 4049 780 4118 membris
802 4051 887 4139 parit
904 4052 1022 4120 intima
1039 4055 1142 4137 tellus,

381 4155 601 4243 Naturamque
621 4159 677 4246 pio
696 4170 852 4247 temperat
874 4158 948 4246 igne
970 4160 1068 4243 calor,

343 4264 481 4329 Etcum
502 4260 549 4326 sic
568 4262 690 4347 rigidae
711 4277 813 4330 cautes
835 4263 966 4332 fervore
985 4264 1168 4350 liquescant,

383 4366 561 4434 contemtis
584 4367 687 4432 audax
712 4368 838 4454 ignibus
859 4369 958 4432 herba
978 4369 1073 4433 viret.
