2994 4828
778 214 826 286 28

696 299 900 316 m

347 403 397 460 rub
405 405 523 478 potiore]
541 400 590 456 sab
602 402 709 454 meliore
719 401 806 468 vulgo,
823 401 878 452 eine
888 417 948 451 mss.
964 398 1039 452 cultu
1057 401 1241 468 splendidiore
1258 405 1353 458 Clerc-

247 489 780 566 quiuetdt.T.11.p.724.(Cetero
801 490 880 542 huius
895 488 946 543 viri
971 489 1148 557 coniecturas,
1175 509 1235 545 cum
1256 495 1351 548 nullius

245 586 297 638 sint
313 583 400 655 pretii,
418 582 515 646 omisi).

311 675 339 730 4.
360 669 455 740 Vetas]
471 669 598 721 Antistius
615 667 706 734 Vetus,
723 667 812 738 quiin
828 684 907 720 numo
923 669 1054 724 consulari
1071 671 1188 725 occurrit
1206 672 1275 742 apud
1298 673 1352 726 Ur-

245 763 328 817 sinum
343 780 371 830 p.
391 775 433 828 ¹9·
452 757 495 810 ed.
513 757 598 810 Potin.
615 784 651 794 -
670 755 769 807 Consul
787 755 838 808 fuit
855 774 881 808 a.
899 773 927 812 ιι.
947 758 1007 830 748.

311 852 338 906 5.
355 849 490 923 languida
506 843 587 922 quae]
603 846 789 916 languidoque
804 845 842 898 Η.

768 970 829 1051 68·

308 1101 391 1156 anth.
407 1101 443 1153 11.
462 1115 522 1151 απ.
540 1114 572 1151 ex
590 1095 710 1150 Suetonii
725 1093 789 1150 vita
805 1096 915 1150 Terent.
934 1096 961 1151 5.
997 1097 1093 1154 Caesar
1116 1100 1271 1156 haererem
1288 1061 1349 1170 epi-

243 1193 375 1265 grammati
393 1179 525 1243 Ciceronii
541 1187 569 1240 in
588 1187 699 1240 eundem
715 1185 872 1239 Terentium
888 1186 1024 1255 opposuit.

309 1283 337 1338 5.
355 1278 470 1346 leuibus]
487 1277 623 1329 Bentleius
640 1275 674 1330 ad
692 1274 760 1328 Hor.
777 1274 838 1331 Art.
853 1275 903 1328 Po.
921 1291 966 1347 99.

351 1367 474 1440 seriptis]
490 1366 578 1421 verbis
592 1365 682 1434 vulgo.

310 1461 338 1513 4.
355 1461 414 1525 eis,
439 1454 546 1510 ilo'miea
567 1454 612 1522 at]
638 1453 726 1504 Bentl.
745 1453 778 1506 ad
798 1452 866 1505 Hor·
884 1452 944 1507 Art.
966 1454 1017 1508 Ρο.
1042 1456 1086 1512 26.
1110 1458 1142 1512 F.
1168 1459 1204 1512 Δ.
1228 1455 1347 1522 Wolfius,

241 1549 342 1602 Ennius
366 1546 492 1614 Quirinus
515 1543 665 1596 Viscontiue
685 1541 845 1610 Iconogrsfia
867 1542 984 1598 Romana
1007 1545 1042 1598 Τ.
1064 1544 1101 1599 11.
1126 1566 1154 1617 p.
1179 1547 1241 1600 305.
1267 1557 1346 1615 atque
1406 1563 1410 1577 ι
1485 1523 1487 1544 Ι

243 1635 360 1689 Orelliue
375 1634 404 1686 in
420 1632 512 1703 Eolog.
530 1633 579 1687 Po.
602 1633 649 1688 lat.
672 1648 700 1700 p.
718 1631 779 1685 256.
802 1641 879 1685 reete
900 1633 1126 1704 interpunxerunt.
1149 1664 1185 1677 -
1201 1633 1282 1707 soret
1303 1637 1347 1689 ais

242 1729 358 1791 comica,
375 1734 408 1776 ut
423 1723 514 1790 vulgo.

309 1814 336 1867 5.
354 1831 438 1865 anam
454 1813 503 1864 lroc
520 1811 653 1883 maceror]
667 1827 788 1866 maceror
803 1811 854 1868 laoo
869 1829 955 1866 unum
971 1811 1183 1882 Oudendorpius.

308 1901 409 1970 deesse]
428 1901 594 1972 bieyllabum.

307 2153 390 2208 Anth.
406 2150 455 2209 IV.
477 2169 520 2224 95.
554 2153 585 2206 Io
606 2171 656 2206 me.
677 2151 801 2205 Medieoo
826 2162 854 2206 et
870 2151 975 2206 Maroni
996 2152 1068 2207 Diro
1088 2152 1158 2206 Iulio
1184 2151 1300 2216 Caesari,
1319 2151 1346 2204 in

240 2262 289 2298 me.
304 2243 515 2312 Guelferbytsno
532 2244 576 2312 95.
601 2243 679 2310 (cons.
703 2241 797 2294 Eberti
815 2241 910 2310 catal.)
926 2242 1061 2310 Augusto,
1086 2242 1248 2309 ascaligero
1272 2239 1361 2292 Ger·'

240 2333 339 2386 manico
358 2330 463 2382 Caesari
483 2331 617 2411 tribuitur.
652 2331 755 2383 Recens
779 2347 836 2382 esee
853 2329 1014 2383 Schraderus
1038 2341 1127 2382 censet
1144 2332 1172 2384 in
1191 2332 1265 2398 epist.
1284 2328 1343 2382 crit.

239 2437 268 2489 p.
285 2417 382 2484 Lim,
399 2436 447 2470 nec
462 2419 491 2470 in
508 2418 558 2471 alia
573 2420 625 2470 tuit
642 2419 788 2471 Dourillius
804 2420 941 2471 sententia.
976 2418 1140 2486 Epigramma
1156 2436 1294 2488 graecum,
1310 2433 1345 2470 ex

240 2523 294 2575 quo
312 2505 440 2573 originem
457 2507 539 2571 duxit
559 2513 631 2557 extat
646 2507 674 2557 in
689 2504 799 2556 Anthol.
817 2503 899 2558 Palat.
917 2503 1091 2572 1.V11,542.
1138 2574 1141 2583 Ι

308 2610 334 2646 ι.
352 2595 425 2646 ludit
442 2595 471 2647 in
486 2593 588 2661 Hebro]
605 2613 652 2645 me.
671 2594 775 2646 luderet
791 2591 882 2645 Hebro
899 2595 990 2662 vulgo·

308 2684 336 2736 5.
356 2680 536 2749 traherentur]
555 2681 719 2735 traheremur
735 2699 783 2734 ms.
803 2681 917 2736 Gudian.

270 2791 278 2806 ·
305 2771 333 2822 4.
351 2769 470 2824 abeoidit
487 2769 617 2838 teneram]
633 2790 694 2824 mee.
710 2770 828 2824 abscidit
843 2773 895 2824 laea
914 2781 1033 2825 terrerum
1043 2761 1134 2840 rulgo.
1149 2772 1307 2842 praeteeuit
1323 2782 1342 2824 t.

238 2859 370 2912 Pricaeus.
385 2861 525 2930 persequit
540 2877 588 2910 me.
606 2859 722 2912 Moroni.
738 2863 875 2932 pereeoait
891 2879 939 2913 ms.
957 2859 1036 2913 Voss.

306 2949 333 3004 5.
352 2949 477 3000 conderet
491 2947 572 3015 arna]
596 2950 722 3004 conderet
744 2967 829 3002 urnae
845 2969 892 3003 ms.
910 2949 1026 3004 Maroni·
1052 2950 1176 3004 condidit
1200 2969 1271 3005 ama
1295 2968 1342 3002 ms.

237 3037 426 3108 Hnydecoper.
445 3037 538 3089 caudit
554 3040 583 3089 in
600 3056 698 3089 umam
714 3056 762 3090 me·
781 3037 883 3091 Medio.

307 3114 335 3182 4.
347 3127 444 3198 peperi
454 3126 589 3201 flammis]
605 3128 726 3198 flammis
737 3128 832 3198 peperi
848 3145 896 3179 me.
914 3124 1108 3198 Huydeooper.
1127 3128 1241 3185 Guttae.

761 3259 820 3333 70·

304 3377 387 3431 ‘Anm
404 3376 452 3430 111.
472 3395 514 3429 ιο.
531 3376 636 3429 Dubiae
653 3385 694 3428 eet
710 3378 880 3447 auctoritatis,
896 3364 932 3429 ut*
944 3379 1009 3433 dicit
1025 3379 1179 3434 Seriverius.

307 3483 332 3519 ι.
355 3463 473 3532 Feltria]
496 3466 625 3534 oppidum
647 3461 812 3517 Venetorum
834 3466 954 3536 proxime
981 3469 1063 3537 Alpes
1088 3467 1238 3536 Rhaeticee,
1269 3468 1344 3535 quod

236 3554 370 3624 hodieque
386 3553 488 3606 Feltrie
505 3553 663 3622 appellatur.
697 3553 827 3606 Mannert.
845 3557 920 3613 Italis
936 3557 972 3610 Τ.
988 3558 1012 3611 1.
1031 3576 1058 3627 p.
1074 3560 1117 3630 95.

346 3643 445 3713 rigore]
463 3643 549 3714 rigori
567 3641 782 3711 Oudendorpius.

303 3747 330 3783 a.
354 3731 447 3802 Terra]
463 3729 535 3783 Pith.
554 3729 707 3787 Scriverius.
717 3729 798 3804 forte
813 3731 906 3802 vulgat

303 3997 387 4052 Anth.
403 3998 442 4052 ΙΙ.
458 4000 501 4068 47.
519 3999 561 4054 Ex
578 4001 724 4055 Scholiasta
739 3997 838 4053 Lucani
855 4001 889 4053 ad
905 4001 925 4054 1.
944 3997 1005 4070 vn,
1023 4003 1082 4073 726.
1118 4005 1249 4072 ,Duobus
1264 4008 1343 4062 titiis

233 4090 379 4162 Pompeiae
395 4087 556 4142 laborabat.-
572 4108 637 4142 nam
653 4101 681 4144 et
694 4087 841 4162 sororibus
857 4091 973 4144 multum
987 4078 1142 4164 gaudebat,
1159 4106 1193 4149 ut
1209 4097 1238 4148 in
1251 4097 1344 4166 primo

234 4181 293 4250 ipse
310 4183 446 4247 Lucanae,
464 4187 492 4231 et
511 4180 580 4231 vitio
603 4179 744 4250 superbiae
766 4181 961 4253 quodammodo
986 4181 1160 4254 tangebatur.
1195 4187 1269 4238 Nam
1290 4201 1344 4235 ano

233 4267 322 4338 digito
340 4278 424 4337 caput
439 4267 587 4338 scalpebat,
605 4269 677 4335 quad
692 4278 733 4320 est
750 4266 890 4338 superbiae
906 4268 1048 4322 indiciam.
1087 4273 1164 4324 Unde
1179 4274 1343 4328 Martia-

233 4353 281 4407 lie
305 4355 338 4408 de
360 4375 391 4410 eo
408 4358 439 4411 iu
461 4359 655 4430 epigrammate
678 4365 729 4411 ete.
763 4357 841 4418 Duae
868 4371 971 4413 emotae
992 4356 1158 4417 scholtmm
1184 4359 1344 4416 commisisse
