2992 4826
767 228 817 307 76

688 319 894 346 W

614 544 816 614 Terentioni
838 545 969 618 Mauri.

442 663 565 732 Adesto
587 661 693 729 iambe
713 681 845 752 praepes
865 673 895 727 et
914 663 961 732 tui
981 675 1076 734 tenax

400 803 406 810 ·
440 769 592 858 Vigoris,
614 767 696 833 adde
716 765 878 832 concitum
898 767 981 836 celer
1002 768 1154 858 pedem..
1253 805 1256 812 ·

441 876 514 946 Nec
535 872 660 942 alterius
678 872 823 961 indigene
846 871 915 962 opis
937 874 1027 954 ve'ni,

442 979 507 1047 Sed
526 978 596 1067 ipae
614 1001 710 1048 verus
734 979 918 1066 integerque
937 979 1081 1066 gestiens,

440 1083 569 1154 Adusta
593 1081 667 1150 felle
687 1083 787 1172 qualia
811 1095 884 1150 aute
906 1083 1050 1152 carmina

442 1189 549 1258 Debes
568 1212 712 1271 emanue,
731 1187 880 1278 inpotens
899 1191 985 1258 ultor
1006 1189 1063 1266 tui.

747 1369 832 1442 225.

699 1475 881 1568 Appuleii.

359 1607 561 1701 Principium
582 1588 668 1679 vilae
689 1611 792 1680 obitus
813 1613 977 1686 meditatio
999 1626 1054 1682 eat.

360 1715 531 1812 Non'vult
551 1717 716 1784 emendari
736 1741 868 1810 peccare
888 1719 1044 1790 nesciens.

358 1820 564 1888 inmoderata
584 1821 634 1887 ira
657 1821 776 1890 fluctus
800 1835 846 1892 eet
865 1824 1017 1897 manniae.

360 1925 537 1996 Pecuniam
558 1925 666 1994 amice
685 1929 816 1997 credens
837 1942 885 1997 est
906 1928 1062 1996 damnum
1083 1925 1217 2015 duplex:

232 2109 243 2122 ὁ
361 2027 547 2115 Argentum
566 2043 598 2098 et
616 2032 761 2101 sodalem
782 2035 928 2125 perdidit
946 2035 1056 2102 simul.

632 2223 635 2228 ¹
743 2206 829 2284 226·

652 2341 653 2345 ’
706 2314 877 2407 Appuleii

597 2431 750 2502 epistolium
768 2434 801 2486 de
817 2431 976 2491 dentifricio.
1042 2460 1044 2464 ·

362 2553 598 2647 Calpurniam,
619 2551 710 2616 salve
729 2551 875 2640 properis
899 2547 1053 2616 versibus.

291 2739 294 2742 ¹
338 2661 456 2745 Misi,
478 2673 512 2727 ut
532 2657 653 2750 petisti,
672 2657 876 2723 mundicinas
898 2655 1054 2738 dentium,
1078 2709 1080 2717 ,

359 2765 485 2832 Nitelas
507 2766 573 2832 oris
593 2789 635 2831 ex
655 2761 805 2830 Arabicis
828 2761 983 2850 frugibus,

362 2871 529 2956 Tenuem,
554 2869 761 2954 candificum‚
788 2871 934 2936 nobilem
955 2862 1182 2959 pulvisculum,

247 3051 250 3060 ‚
359 2977 648 3066 complanatorem
666 2975 842 3044 tumidulae
863 2973 1057 3064 gingivulae‚

361 3079 630 3148 Converritorem
650 3080 817 3170 pridianae
837 3081 1000 3170 reliquiae,

284 3235 285 3242 κ
361 3185 417 3253 Ne
438 3208 517 3274 quae
540 3185 658 3251 visatur
679 3196 758 3252 tetra
777 3186 863 3254 labes
884 3190 1041 3279 sordium,

359 3289 527 3358 Reetrictia
549 3289 633 3356 forte
653 3290 688 3358 ai.
700 3291 824 3360 labelli't
844 3293 964 3367 riseris.

745 3472 830 3546 227.

704 3577 873 3671 Appuleii

606 3686 634 3738 in
651 3685 759 3741 critiam
777 3697 805 3741 et
822 3686 972 3742 Charinum·

271 3821 274 3830 ’
317 3795 359 3867 Et
381 3797 497 3866 critias
511 3821 592 3874 mea
612 3801 742 3870 delicies
764 3805 820 3871 eit:
843 3807 943 3891 selva,
967 3807 1117 3896 Charine,
1173 3823 1179 3838 ‘

354 3902 433 3969 Pars
454 3903 490 3970 in
510 3928 624 3974 amore
644 3931 735 3993 meo,
756 3910 842 3995 vita,
866 3911 925 3979 tibi
945 3929 1102 3984 remanet.

315 4008 369 4074 Ne
389 4019 521 4075 metuant
545 4035 624 4082 nam
644 4036 700 4082 me
724 4015 804 4104 ignia
824 4030 855 4085 et
874 4019 959 4106 ignia
980 4033 1108 4102 torreat,
1130 4033 1166 4087 ut
1180 4019 1259 4103 vult,

358 4115 464 4182 Hasce
485 4114 560 4182 duas
581 4117 748 4204 flammas,
769 4122 848 4189 dum
868 4125 994 4213 potior,
1014 4128 1129 4217 patiar.

229 4231 253 4299 5
314 4223 391 4292 Hoc
404 4222 505 4289 modo
518 4221 583 4288 aim
596 4227 700 4312 vobis,
713 4251 793 4294 nnus
805 4228 868 4296 sibi
879 4228 1011 4318 quisque
1023 4231 1108 4318 quod
1119 4230 1188 4319 ipae
1201 4242 1257 4298 est.

357 4329 432 4399 Hoc
451 4328 744 4420 nihilvm-aritia,
765 4336 851 4424 quod
872 4337 936 4406 duo
953 4348 1030 4406 aunt
1047 4335 1152 4406 oculi..
