2944 4836
551 231 755 332 gar*

599 431 685 506 351.

165 529 215 597 ap.
233 527 275 579 55.

160 633 186 669 2.
205 612 321 686 negotii]
338 613 420 680 prima
439 613 535 664 vitiose
552 609 680 678 producta
699 617 747 658 est.

604 736 687 810 352·

158 833 209 902 Ep.
227 834 269 886 54.
499 885 503 894 .

158 923 185 974 5.
204 917 303 984 hostes]
321 916 365 968 alii
379 917 533 984 praeferant
549 915 645 966 hostis.

196 1004 334 1078 furexve]
351 1001 382 1055 Β.
400 1005 429 1056 in
444 1012 506 1055 nota
523 1001 626 1068 scripsit
638 1000 789 1072 feraxque,
806 985 899 1068 minua,
919 1006 1025 1071 opinor,
1042 1017 1124 1058 recte.

602 1131 688 1204 353.
756 1236 760 1246 Ι

158 1390 270 1459 ΕΜ
580 1298 689 1373 aaa

154 1497 186 1547 ¹2.
205 1498 223 1531 a
239 1477 323 1544 aenio]
341 1478 407 1529 alius
425 1494 443 1527 a
461 1471 600 1544 explicabit
614 1459 700 1545 prae,
717 1477 744 1528 in
762 1473 958 1545 Vergleichung
976 1477 1038 1542 mit,
1057 1478 1122 1532 aliua
1139 1484 1193 1535 eli!

94 1570 232 1636 praeferet,
249 1567 313 1618 alius
330 1585 349 1617 a
365 1574 513 1634 corruptum
529 1563 641 1632 putabit.

159 1655 185 1706 6.
202 1657 281 1707 luxua
298 1654 369 1725 egit]
387 1655 406 1704 i.
425 1673 450 1705 e.
468 1655 589 1721 voluptas
608 1669 697 1704 omnes
709 1651 827 1705 hominen
846 1654 981 1720 consumit,
997 1654 1052 1706 sive
1072 1665 1112 1708 eut
1128 1655 1193 1710 viri-

93 1744 141 1796 505
158 1745 241 1811 fortia,
257 1744 312 1795 aive
330 1759 447 1796 annosus.

159 1223 210 1293 Ep.
228 1223 272 1277 55.

158 1940 210 2008 Ep·
229 1937 270 2007 57·
602 1849 686 1923 355.

160 2029 186 2080 4.
199 2025 310 2096 firmas]
327 2027 347 2079 i.
365 2043 390 2077 e.
410 2025 526 2092 affirmas,
544 2029 617 2080 utin
635 2045 678 2096 ep.
696 2025 756 2078 558.
781 2044 895 2078 errorem
912 2029 941 2080 in
967 2032 1045 2082 terris
1062 2031 1193 2100 firmat

93 2137 146 2170 non
163 2117 275 2169 coelitus
292 2133 358 2166 ecce.

162 2221 202 2255 10.
218 2203 308 2271 hebet]
333 2201 415 2254 habea
431 2221 477 2254 ma.
496 2203 576 2256 Salm.
599 2205 618 2255 i.
638 2223 663 2256 e.
680 2223 734 2258 was
751 2205 787 2255 du
803 2205 875 2256 nicht
892 2206 983 2256 immer
1000 2205 1135 2274 besitzeat‚
1158 2210 1193 2262 ist

93 2293 309 2367 unangeuehmer,
326 2293 402 2359 lange
419 2309 451 2343 zu
469 2293 595 2345 besitzen.
615 2295 687 2364 Quor
705 2295 768 2344 dum
778 2311 881 2362 semper
897 2293 985 2359 habea,
1004 2297 1120 2364 tristius,
1138 2316 1192 2352 5555

93 2381 219 2539 ary-ut.
237 2381 269 2431 Β.
679 2425 680 2433 ,

594 2505 678 2583 356.

159 2597 211 2667 Ep.
230 2597 273 2651 58.

158 2689 183 2738 5.
202 2684 327 2751 Demira]
354 2702 386 2734 an
401 2701 495 2734 nomen
513 2683 590 2734 huius
607 2685 731 2752 puellae?
752 2703 784 2736 an
800 2685 967 2754 imperativus
983 2688 1056 2738 verbi
1079 2691 1192 2744 obsoleti
1244 2717 1248 2725 ·

93 2772 247 2826 demirare?
264 2791 295 2822 an
312 2769 468 2820 adiectivum
486 2771 550 2821 esti*

160 2861 187 2912 8.
204 2857 362 2920 verecundo]
381 2865 603 2922 praetermorem
619 2859 731 2911 secunda
750 2860 900 2927 corripitur.

164 2963 205 3000 12.
222 2944 346 3010 vernare]
362 2945 450 2996 nescio
470 2963 502 2997 an
518 2949 637 2998 variare.

164 3035 206 3086 14.
226 3034 307 3084 iustis
324 3033 395 3084 inter
411 3035 487 3084 videt
504 3034 570 3101 esse]
589 3035 676 3108 tmesis
692 3051 741 3102 pro
758 3035 835 3086 videt
850 3035 989 3086 interesse:
1005 3037 1026 3086 ei
1044 3039 1134 3106 minus,
1149 3040 1192 3092 le·

11 3179 12 3182 η
92 3123 205 3192 gendum
226 3131 265 3172 eat
282 3123 371 3171 iustae
388 3121 460 3172 inter
473 3123 549 3176 videt
566 3140 622 3173 esre
637 3134 771 3176 catervae.

11 3199 12 3216 .

604 3253 686 3328 357-

161 3368 213 3438 Ep.
233 3369 275 3438 59.
310 3369 384 3420 Idem
409 3371 436 3420 in
453 3369 535 3421 Anth.
552 3369 601 3424 111.
618 3375 661 3425 52.
684 3369 745 3423 iam'
760 3369 881 3423 ediderat
896 3371 928 3423 Β.
950 3371 1128 3426 Comensibus
1143 3391 1192 3428 me.

92 3457 200 3509 Diriou·
220 3458 396 3526 Carpenaibue
413 3467 456 3508 aut
472 3461 641 3513 Cirnensibue
656 3461 845 3512 Mee'rmannus.

161 3563 186 3596 2.
207 3565 277 3597 nunc
296 3545 448 3612 metuenda]
472 3566 525 3598 non
548 3553 693 3613 metuenda·
713 3548 838 3600 Oudeud.
862 3548 894 3599 ad
910 3547 958 3600 111.
985 3547 1029 3598 32.
1059 3547 1129 3615 quod
1150 3551 1193 3602 in-

91 3633 193 3702 probo,
215 3634 275 3700 quia
293 3633 411 3701 sequitur
428 3636 522 3702 prius:
547 3640 617 3689 ferae
633 3656 701 3690 nune
722 3638 768 3689 hic
792 3637 944 3688 commorari
970 3643 1103 3702 metuunt,
1126 3654 1192 3706 quae

77 3724 167 3774 'antea
185 3721 254 3772 colae
271 3737 360 3772 nemus
379 3731 521 3776 tenuerant.
546 3757 547 3760 =

160 3809 186 3860 5.
206 3827 262 3879 qua
279 3808 395 3875 decerta]
414 3827 445 3860 an
463 3830 516 3881 quo
534 3811 661 3864 deserta?

160 3913 186 3966 7.
204 3896 260 3964 liic]
277 3897 343 3948 haec
361 3897 482 3952 Oudend-

203 3987 317 4056 'ignotae
328 3987 430 4054 stupet]
447 4007 499 4042 uon
511 3989 606 4057 liquet.
618 3989 773 4057 Legendum
791 4008 823 4042 er
834 4007 881 4043 ma.
889 3989 951 4040 Div.
963 3997 989 4040 et
1002 3987 1079 4039 Leid.
1097 3989 1193 4058 ignote

91 4075 238 4143 stupet-ad
250 4078 394 4143 praetoria
410 4076 430 4126 i.
449 4094 474 4127 e.
492 4075 625 4130 Vulcanus
643 4087 741 4146 stupet,
758 4095 824 4131 nova
840 4071 972 4146 praetoria
988 4077 1046 4143 hoc,
1063 4076 1134 4143 quod
1146 4093 1192 4128 an-

91 4172 135 4215 tea
152 4163 284 4215 decertum
302 4173 365 4232 erat,
381 4167 442 4217 loco
459 4183 576 4217 cernens.

163 4267 202 4302 ιι.
216 4249 309 4321 futur]
329 4253 428 4324 foetur
453 4254 551 4321 legitur
567 4254 595 4305 in
611 4251 644 4308 A.
661 4253 709 4308 111÷
728 4256 772 4309 52·
796 4253 948 4324 inprobante
965 4254 998 4305 Β.
1016 4249 1086 4304 Λᾱᾱ.
1105 4249 1140 4301 Τ.
1156 4247 1191 4302 ΙΙ.

11 4335 18 4372 ¹
67 4381 68 4386 =
91 4337 197 4412 157553
747 4339 750 4346 Δ

947 4428 990 4490 9*
