2992 4826
691 269 740 337 23

613 351 820 370 ..nun—n·—

238 462 287 526 Ite
308 458 385 524 hinc
406 458 567 525 Camenae
586 477 646 521 vos
671 477 795 541 quoque
815 453 920 520 limite
937 478 1061 542 saevae,

237 565 355 630 Dulces
377 565 538 632 Camenae
556 562 648 648 (narn
668 558 841 626 fatebimur
861 559 994 650 verum)

239 669 361 735 Dulces
384 667 498 736 fuistis.
541 668 712 734 ettamen
733 687 821 730 meae
841 665 963 734 chartas

238 772 430 856 Rerititote,
456 771 512 838 aed
532 770 689 862 pudenter
710 773 741 840 et'
763 793 850 838 raro.
1056 773 1058 778 '

579 923 583 932 ’
677 903 737 982 91·

490 1008 535 1075 P.
560 1006 716 1100 Virgilii
744 1009 915 1079 Maronis.

236 1115 393 1182 Arretine
413 1113 515 1197 calix,
538 1115 658 1182 mentia
679 1115 825 1184 decorate
844 1116 996 1204 paternis,

277 1218 365 1288 Ante
384 1241 521 1288 manum
539 1219 660 1287 medici
682 1243 781 1309 quam
800 1222 884 1288 bene
902 1245 996 1289 canus
1017 1225 1102 1288 eras!

501 1457 546 1526 P.
569 1455 726 1548 Virgilii
753 1459 910 1528 Maronis

622 1566 656 1618 ad
673 1565 792 1621 Verium.

236 1647 363 1718 Scilicet
383 1649 533 1717 hoccine
553 1647 681 1738 fraude,
711 1652 794 1720 Vari
815 1649 1162 1739 dulcissime,.dicam·.

231 1823 236 1834 ,
276 1757 484 1846 Dispeream,
504 1755 569 1822 nisi
590 1782 643 1824 me
661 1759 818 1848 perdidit
838 1758 902 1821 iste
918 1767 1037 1842 putria.

230 1859 295 1925 *sin
317 1875 423 1928 autem
444 1871 612 1952 praecepta
632 1873 742 1926 vetant
760 1883 816 1923 me
836 1857 958 1941 dicere,
984 1879 1059 1925 cane

275 1967 355 2033 Non
376 1967 501 2051 dicam,
521 1965 577 2030 sed
597 1987 652 2031 me
670 1963 827 2054 perdidit
848 1965 914 2032 iate
930 1985 1032 2052 puer.

500 2200 547 2268 Ρ.
576 2199 730 2290 Virgilii
749 2199 907 2268 Maronia

563 2307 599 2358 ad
616 2309 707 2360 villam
724 2305 841 2377 Syronia.

232 2389 373 2478 Villttla,
399 2409 480 2483 quae
500 2395 639 2483 Syronis
660 2419 747 2479 eras,
777 2408 807 2462 et
826 2417 945 2485 pauper
966 2394 1076 2481 agella,

276 2494 404 2564 Verum
424 2499 474 2564 illi
495 2499 629 2566 domino
650 2514 721 2568 tum
742 2523 866 2588 quoque
886 2498 1026 2581 divitiae,

232 2601 290 2668 Me
311 2602 369 2668 tibi
390 2615 421 2670 et
439 2603 499 2668 hos
520 2629 583 2670 una
604 2630 750 2683 mecum,
778 2629 855 2694 quos
875 2625 1004 2692 semper
1024 2605 1143 2688 amavi,

276 2706 312 2772 Si
332 2707 409 2795 quid
435 2708 475 2774 de
495 2711 597 2808 patria
617 2713 735 2778 tristius
758 2712 899 2793 audiero,
944 2725 950 2738 ‘

143 2825 168 2888 5
230 2813 445 2900 Commendo,
466 2817 694 2906 inprimisque
710 2830 845 2906 patrem.
867 2815 901 2881 'P
901 2839 922 2881 u
942 2837 1028 2906 nunc
1041 2815 1102 2880 eris
1116 2815 1174 2899 illi,

272 2919 404 2986 Mantua
425 2922 511 3010 quod
532 2921 635 2990 suerat
653 2924 800 3010 quodque
821 2926 986 2989 Cremona
1006 2919 1104 3009 prius.

434 3229 437 3237 ,
499 3159 544 3224 Ρ.
571 3157 725 3244 Virgilii
748 3157 907 3222 Maronis

612 3261 647 3314 ad
672 3259 795 3316 Tuccam.

232 3353 341 3437 Delia,
363 3353 488 3438 Tucca,
517 3352 576 3418 tibi
596 3352 702 3435 venit,
730 3352 786 3416 sed
806 3374 901 3442 saepe
919 3350 1033 3418 videre

272 3459 352 3524 Non
372 3457 461 3524 licet:
484 3457 637 3526 occulitur
654 3457 771 3547 limine
791 3459 894 3524 clama
916 3457 999 3525 viri-t

229 3565 324 3631 Delia
342 3589 436 3654 saepe
456 3564 530 3651 tibi,
550 3589 619 3632 non
639 3565 729 3632 venit
750 3563 852 3630 adhuc
872 3562 972 3628 mihi:
994 3585 1132 3652 namque

273 3670 309 3735 Si
329 3670 497 3755 occulitur,
521 3672 617 3760 longe
638 3683 685 3738 eat
704 3683 851 3758 tangere,
879 3668 963 3757 quod
984 3691 1130 3756 nequeas.

147 3787 169 3850 5
232 3773 367 3841 Venerit
389 3787 441 3840 aut
458 3777 533 3842 tibi:
555 3777 611 3842 sed
631 3776 765 3842 iamiam
785 3776 869 3842 mihi
889 3760 1017 3842 nuntiu's
1037 3773 1096 3839 iate

270 3879 358 3965 Quid
379 3881 531 3969 prodest?
552 3881 601 3948 illi
623 3880 732 3964 dicite,
754 3903 833 3968 quae
851 3880 956 3946 rediit.

501 4119 545 4184 P.
572 4117 608 4186 V
610 4119 727 4206 irgilii
747 4120 904 4186 Maronia

585 4225 614 4278 in
631 4223 812 4282 Octavianum.

230 4313 320 4378 Dum
340 4310 461 4377 dubitat
473 4325 604 4399 natura,
631 4337 760 4380 marem
781 4313 939 4382 faceretne
958 4313 1108 4401 puellam,

273 4419 374 4484 Natus
394 4438 443 4502 ea,
467 4441 486 4485 0
507 4419 655 4510 pulcher,
672 4441 778 4511 paene
799 4421 921 4512 puella,
941 4439 1031 4506 puer.
1157 4437 1159 4442 ’
