<?xml version="1.0" encoding="UTF-8"?>
<!DOCTYPE html PUBLIC "-//W3C//DTD XHTML 1.0 Transitional//EN"
    "http://www.w3.org/TR/xhtml1/DTD/xhtml1-transitional.dtd">
<html xmlns="http://www.w3.org/1999/xhtml" xml:lang="en" lang="en">
 <head>
  <title>
</title>
<meta http-equiv="Content-Type" content="text/html;charset=utf-8" />
  <meta name='ocr-system' content='tesseract 3.04.00' />
  <meta name='ocr-capabilities' content='ocr_page ocr_carea ocr_par ocr_line ocrx_word'/>
</head>
<body>
  <div class='ocr_page' id='page_1' title='image "./anthologiaveter00burmgoog_0281.png"; bbox 0 0 3002 4816; ppageno 0'>
   <div class='ocr_carea' id='block_1_1' title="bbox 677 162 1005 317">
    <p class='ocr_par' dir='ltr' id='par_1_1' title="bbox 677 162 1005 317">
     <span class='ocr_line' id='line_1_1' title="bbox 677 162 1005 317; baseline 0.003 -1"><span class='ocrx_word' id='word_1_1' title='bbox 677 162 882 317; x_wconf 50' lang='lat' dir='ltr'><strong>„arag</strong></span> <span class='ocrx_word' id='word_1_2' title='bbox 977 239 1005 265; x_wconf 77' lang='lat'><em>.</em></span> 
     </span>
    </p>
   </div>
   <div class='ocr_carea' id='block_1_2' title="bbox 731 410 818 489">
    <p class='ocr_par' dir='ltr' id='par_1_2' title="bbox 731 410 818 489">
     <span class='ocr_line' id='line_1_2' title="bbox 731 410 818 489; baseline 0.023 -2"><span class='ocrx_word' id='word_1_3' title='bbox 731 410 818 489; x_wconf 72' lang='lat'><strong>624·</strong></span> 
     </span>
    </p>
   </div>
   <div class='ocr_carea' id='block_1_3' title="bbox 305 523 1268 933">
    <p class='ocr_par' dir='ltr' id='par_1_3' title="bbox 305 523 1268 933">
     <span class='ocr_line' id='line_1_3' title="bbox 305 523 1039 614; baseline -0.01 -19"><span class='ocrx_word' id='word_1_4' title='bbox 305 533 417 596; x_wconf 87' lang='lat' dir='ltr'><strong>Sextus</strong></span> <span class='ocrx_word' id='word_1_5' title='bbox 439 524 613 614; x_wconf 90' lang='lat' dir='ltr'><strong>Pompeius</strong></span> <span class='ocrx_word' id='word_1_6' title='bbox 635 525 662 590; x_wconf 93' lang='grc' dir='ltr'><strong>Ι.</strong></span> <span class='ocrx_word' id='word_1_7' title='bbox 686 525 880 610; x_wconf 83' lang='lat' dir='ltr'><strong>cognomine</strong></span> <span class='ocrx_word' id='word_1_8' title='bbox 902 523 1039 606; x_wconf 90' lang='lat' dir='ltr'><strong>Pandus,</strong></span> 
     </span>
     <span class='ocr_line' id='line_1_4' title="bbox 346 629 1146 717; baseline -0.001 -22"><span class='ocrx_word' id='word_1_9' title='bbox 346 631 468 717; x_wconf 86' lang='lat' dir='ltr'><strong>Quoius</strong></span> <span class='ocrx_word' id='word_1_10' title='bbox 490 641 521 694; x_wconf 85' lang='lat' dir='ltr'><strong>et</strong></span> <span class='ocrx_word' id='word_1_11' title='bbox 539 629 602 692; x_wconf 93' lang='lat' dir='ltr'><strong>hoc</strong></span> <span class='ocrx_word' id='word_1_12' title='bbox 624 629 732 694; x_wconf 81' lang='lat' dir='ltr'><strong>abavia</strong></span> <span class='ocrx_word' id='word_1_13' title='bbox 754 629 887 716; x_wconf 83' lang='lat' dir='ltr'><strong>contigit</strong></span> <span class='ocrx_word' id='word_1_14' title='bbox 907 653 974 694; x_wconf 87' lang='lat' dir='ltr'><strong>esse</strong></span> <span class='ocrx_word' id='word_1_15' title='bbox 994 631 1111 704; x_wconf 87' lang='lat' dir='ltr'><strong>solum,</strong></span> <span class='ocrx_word' id='word_1_16' title='bbox 1143 697 1146 704; x_wconf 16' lang='grc' dir='ltr'><strong><em>Δ</em></strong></span> 
     </span>
     <span class='ocr_line' id='line_1_5' title="bbox 306 733 1268 822; baseline -0.002 -20"><span class='ocrx_word' id='word_1_17' title='bbox 306 736 500 802; x_wconf 88' lang='lat' dir='ltr'><strong>Aediculam</strong></span> <span class='ocrx_word' id='word_1_18' title='bbox 521 735 603 799; x_wconf 90' lang='lat' dir='ltr'><strong>hauc</strong></span> <span class='ocrx_word' id='word_1_19' title='bbox 624 733 793 822; x_wconf 83' lang='lat' dir='ltr'><strong>Nymphis</strong></span> <span class='ocrx_word' id='word_1_20' title='bbox 814 733 926 821; x_wconf 91' lang='lat' dir='ltr'><strong>posui,</strong></span> <span class='ocrx_word' id='word_1_21' title='bbox 959 735 1032 820; x_wconf 91' lang='lat' dir='ltr'><strong>quia</strong></span> <span class='ocrx_word' id='word_1_22' title='bbox 1053 735 1174 822; x_wconf 88' lang='lat' dir='ltr'><strong>saepius</strong></span> <span class='ocrx_word' id='word_1_23' title='bbox 1196 757 1268 800; x_wconf 87' lang='lat' dir='ltr'><strong>usus</strong></span> 
     </span>
     <span class='ocr_line' id='line_1_6' title="bbox 346 839 1205 933; baseline 0.003 -30"><span class='ocrx_word' id='word_1_24' title='bbox 346 841 421 904; x_wconf 89' lang='lat' dir='ltr'><strong>Hoc</strong></span> <span class='ocrx_word' id='word_1_25' title='bbox 442 863 515 906; x_wconf 85' lang='lat' dir='ltr'><strong>sum</strong></span> <span class='ocrx_word' id='word_1_26' title='bbox 535 839 624 910; x_wconf 84' lang='lat' dir='ltr'><strong>sonte</strong></span> <span class='ocrx_word' id='word_1_27' title='bbox 645 862 742 933; x_wconf 77' lang='lat' dir='ltr'><strong>senex</strong></span> <span class='ocrx_word' id='word_1_28' title='bbox 763 851 830 903; x_wconf 87' lang='lat' dir='ltr'><strong>tam</strong></span> <span class='ocrx_word' id='word_1_29' title='bbox 850 839 932 904; x_wconf 91' lang='lat' dir='ltr'><strong>bene</strong></span> <span class='ocrx_word' id='word_1_30' title='bbox 953 861 1049 926; x_wconf 86' lang='lat' dir='ltr'><strong>quam</strong></span> <span class='ocrx_word' id='word_1_31' title='bbox 1069 841 1205 906; x_wconf 89' lang='lat' dir='ltr'><strong>iuvenis.</strong></span> 
     </span>
    </p>
   </div>
   <div class='ocr_carea' id='block_1_4' title="bbox 306 1122 1250 1742">
    <p class='ocr_par' dir='ltr' id='par_1_4' title="bbox 306 1122 995 1213">
     <span class='ocr_line' id='line_1_7' title="bbox 306 1122 995 1213; baseline 0.006 -27"><span class='ocrx_word' id='word_1_32' title='bbox 306 1122 412 1188; x_wconf 90' lang='lat' dir='ltr'><strong>Undis</strong></span> <span class='ocrx_word' id='word_1_33' title='bbox 435 1127 574 1212; x_wconf 80' lang='lat' dir='ltr'><strong>Cyaneis</strong></span> <span class='ocrx_word' id='word_1_34' title='bbox 598 1128 722 1191; x_wconf 90' lang='lat' dir='ltr'><strong>donum</strong></span> <span class='ocrx_word' id='word_1_35' title='bbox 743 1124 899 1213; x_wconf 82' lang='lat' dir='ltr'><strong>placabile</strong></span> <span class='ocrx_word' id='word_1_36' title='bbox 919 1123 995 1190; x_wconf 83' lang='lat' dir='ltr'><strong>fecit</strong></span> 
     </span>
    </p>

    <p class='ocr_par' dir='ltr' id='par_1_5' title="bbox 309 1230 1250 1742">
     <span class='ocr_line' id='line_1_8' title="bbox 309 1230 1209 1319; baseline 0.004 -25"><span class='ocrx_word' id='word_1_37' title='bbox 309 1230 497 1294; x_wconf 87' lang='lat' dir='ltr'><strong>Gonducius</strong></span> <span class='ocrx_word' id='word_1_38' title='bbox 518 1232 648 1296; x_wconf 89' lang='lat' dir='ltr'><strong>blandas</strong></span> <span class='ocrx_word' id='word_1_39' title='bbox 669 1253 727 1319; x_wconf 86' lang='lat' dir='ltr'><strong>per</strong></span> <span class='ocrx_word' id='word_1_40' title='bbox 750 1253 843 1316; x_wconf 90' lang='lat' dir='ltr'><strong>aquas</strong></span> <span class='ocrx_word' id='word_1_41' title='bbox 866 1253 958 1295; x_wconf 86' lang='lat' dir='ltr'><strong>aram</strong></span> <span class='ocrx_word' id='word_1_42' title='bbox 978 1231 1209 1298; x_wconf 86' lang='lat' dir='ltr'><strong>venerandam.</strong></span> 
     </span>
     <span class='ocr_line' id='line_1_9' title="bbox 310 1334 1250 1423; baseline 0.004 -25"><span class='ocrx_word' id='word_1_43' title='bbox 310 1334 398 1398; x_wconf 88' lang='lat' dir='ltr'><strong>Hinc</strong></span> <span class='ocrx_word' id='word_1_44' title='bbox 416 1334 517 1398; x_wconf 87' lang='lat' dir='ltr'><strong>oritur</strong></span> <span class='ocrx_word' id='word_1_45' title='bbox 537 1335 703 1423; x_wconf 80' lang='lat' dir='ltr'><strong>pergitque</strong></span> <span class='ocrx_word' id='word_1_46' title='bbox 723 1334 842 1416; x_wconf 89' lang='lat' dir='ltr'><strong>fluens,</strong></span> <span class='ocrx_word' id='word_1_47' title='bbox 871 1334 987 1398; x_wconf 88' lang='lat' dir='ltr'><strong>deinde</strong></span> <span class='ocrx_word' id='word_1_48' title='bbox 1015 1335 1131 1401; x_wconf 89' lang='lat' dir='ltr'><strong>occidit</strong></span> <span class='ocrx_word' id='word_1_49' title='bbox 1148 1339 1184 1402; x_wconf 91' lang='lat' dir='ltr'><strong>in</strong></span> <span class='ocrx_word' id='word_1_50' title='bbox 1208 1361 1250 1420; x_wconf 87' lang='lat' dir='ltr'><strong>se,</strong></span> 
     </span>
     <span class='ocr_line' id='line_1_10' title="bbox 311 1438 1220 1529; baseline -0.002 -23"><span class='ocrx_word' id='word_1_51' title='bbox 311 1438 411 1525; x_wconf 85' lang='lat' dir='ltr'><strong>Ripas</strong></span> <span class='ocrx_word' id='word_1_52' title='bbox 433 1461 514 1526; x_wconf 88' lang='lat' dir='ltr'><strong>mox</strong></span> <span class='ocrx_word' id='word_1_53' title='bbox 536 1440 653 1504; x_wconf 85' lang='lat' dir='ltr'><strong>viridis</strong></span> <span class='ocrx_word' id='word_1_54' title='bbox 673 1439 901 1504; x_wconf 71' lang='lat' dir='ltr'><strong>renovantibus</strong></span> <span class='ocrx_word' id='word_1_55' title='bbox 919 1439 1031 1504; x_wconf 88' lang='lat' dir='ltr'><strong>inclita</strong></span> <span class='ocrx_word' id='word_1_56' title='bbox 1051 1441 1220 1529; x_wconf 83' lang='lat' dir='ltr'><strong>Nymphis</strong></span> 
     </span>
     <span class='ocr_line' id='line_1_11' title="bbox 311 1541 1129 1631; baseline -0.005 -21"><span class='ocrx_word' id='word_1_57' title='bbox 311 1543 458 1610; x_wconf 86' lang='lat' dir='ltr'><strong>Numina</strong></span> <span class='ocrx_word' id='word_1_58' title='bbox 479 1541 639 1630; x_wconf 81' lang='lat' dir='ltr'><strong>scutigero</strong></span> <span class='ocrx_word' id='word_1_59' title='bbox 660 1558 762 1631; x_wconf 80' lang='lat' dir='ltr'><strong>grates</strong></span> <span class='ocrx_word' id='word_1_60' title='bbox 778 1568 820 1610; x_wconf 80' lang='lat' dir='ltr'><strong>ex</strong></span> <span class='ocrx_word' id='word_1_61' title='bbox 837 1545 977 1630; x_wconf 88' lang='lat' dir='ltr'><strong>undique</strong></span> <span class='ocrx_word' id='word_1_62' title='bbox 1001 1545 1129 1612; x_wconf 86' lang='lat' dir='ltr'><strong>solvens</strong></span> 
     </span>
     <span class='ocr_line' id='line_1_12' title="bbox 312 1646 1165 1742; baseline 0.001 -30"><span class='ocrx_word' id='word_1_63' title='bbox 312 1649 427 1739; x_wconf 86' lang='lat' dir='ltr'><strong>Sospes</strong></span> <span class='ocrx_word' id='word_1_64' title='bbox 444 1646 524 1715; x_wconf 67' lang='lat' dir='ltr'><strong>&#39;cum</strong></span> <span class='ocrx_word' id='word_1_65' title='bbox 545 1651 663 1716; x_wconf 85' lang='lat' dir='ltr'><strong>comite</strong></span> <span class='ocrx_word' id='word_1_66' title='bbox 682 1661 818 1738; x_wconf 87' lang='lat' dir='ltr'><strong>praestat</strong></span> <span class='ocrx_word' id='word_1_67' title='bbox 834 1661 1011 1742; x_wconf 85' lang='lat' dir='ltr'><strong>renovante</strong></span> <span class='ocrx_word' id='word_1_68' title='bbox 1031 1649 1165 1735; x_wconf 85' lang='lat' dir='ltr'><strong>liquore.</strong></span> 
     </span>
    </p>
   </div>
   <div class='ocr_carea' id='block_1_5' title="bbox 687 1810 887 1994">
    <p class='ocr_par' dir='ltr' id='par_1_6' title="bbox 687 1810 887 1994">
     <span class='ocr_line' id='line_1_13' title="bbox 739 1810 870 1889; baseline -0.023 0"><span class='ocrx_word' id='word_1_69' title='bbox 739 1810 824 1889; x_wconf 75' lang='lat'><strong>626.</strong></span> <span class='ocrx_word' id='word_1_70' title='bbox 868 1878 870 1886; x_wconf 30' lang='lat' dir='ltr'><em>s</em></span> 
     </span>
     <span class='ocr_line' id='line_1_14' title="bbox 687 1923 887 1994; baseline 0.015 -3"><span class='ocrx_word' id='word_1_71' title='bbox 687 1923 887 1994; x_wconf 77' lang='lat' dir='ltr'><strong>Galatea.</strong></span> 
     </span>
    </p>
   </div>
   <div class='ocr_carea' id='block_1_6' title="bbox 317 2040 1159 2236">
    <p class='ocr_par' dir='ltr' id='par_1_7' title="bbox 317 2040 1159 2236">
     <span class='ocr_line' id='line_1_15' title="bbox 317 2040 1106 2133; baseline -0.003 -27"><span class='ocrx_word' id='word_1_72' title='bbox 317 2040 498 2128; x_wconf 84' lang='lat' dir='ltr'><strong>Diffugiens</strong></span> <span class='ocrx_word' id='word_1_73' title='bbox 518 2054 656 2133; x_wconf 88' lang='lat' dir='ltr'><strong>pontum</strong></span> <span class='ocrx_word' id='word_1_74' title='bbox 678 2043 774 2106; x_wconf 85' lang='lat' dir='ltr'><strong>silvas</strong></span> <span class='ocrx_word' id='word_1_75' title='bbox 796 2043 929 2106; x_wconf 86' lang='lat' dir='ltr'><strong>Galatea</strong></span> <span class='ocrx_word' id='word_1_76' title='bbox 948 2053 1106 2130; x_wconf 86' lang='lat' dir='ltr'><strong>peragrat,</strong></span> 
     </span>
     <span class='ocr_line' id='line_1_16' title="bbox 360 2145 1159 2236; baseline 0.006 -27"><span class='ocrx_word' id='word_1_77' title='bbox 360 2145 537 2210; x_wconf 86' lang='lat' dir='ltr'><strong>Custodem</strong></span> <span class='ocrx_word' id='word_1_78' title='bbox 557 2158 594 2210; x_wconf 92' lang='lat' dir='ltr'><strong>ut</strong></span> <span class='ocrx_word' id='word_1_79' title='bbox 610 2171 765 2236; x_wconf 89' lang='lat' dir='ltr'><strong>pecorum</strong></span> <span class='ocrx_word' id='word_1_80' title='bbox 788 2171 919 2212; x_wconf 88' lang='lat' dir='ltr'><strong>cernere</strong></span> <span class='ocrx_word' id='word_1_81' title='bbox 939 2148 1040 2234; x_wconf 88' lang='lat' dir='ltr'><strong>possit</strong></span> <span class='ocrx_word' id='word_1_82' title='bbox 1061 2147 1159 2214; x_wconf 86' lang='lat' dir='ltr'><strong>Acin.</strong></span> 
     </span>
    </p>
   </div>
   <div class='ocr_carea' id='block_1_7' title="bbox 219 2251 1139 2342">
    <p class='ocr_par' dir='ltr' id='par_1_8' title="bbox 219 2251 1139 2342">
     <span class='ocr_line' id='line_1_17' title="bbox 219 2251 1139 2342; baseline -0.004 -23"><span class='ocrx_word' id='word_1_83' title='bbox 219 2299 223 2305; x_wconf 74' lang='lat'><strong>,</strong></span> <span class='ocrx_word' id='word_1_84' title='bbox 317 2253 406 2319; x_wconf 89' lang='lat' dir='ltr'><strong>Nam</strong></span> <span class='ocrx_word' id='word_1_85' title='bbox 429 2262 555 2342; x_wconf 82' lang='lat' dir='ltr'><strong>teneros</strong></span> <span class='ocrx_word' id='word_1_86' title='bbox 577 2268 700 2336; x_wconf 83' lang='lat' dir='ltr'><strong>gressus</strong></span> <span class='ocrx_word' id='word_1_87' title='bbox 721 2252 829 2338; x_wconf 77' lang='lat' dir='ltr'><strong>infigit</strong></span> <span class='ocrx_word' id='word_1_88' title='bbox 847 2251 1004 2332; x_wconf 86' lang='lat' dir='ltr'><strong>sentibus,</strong></span> <span class='ocrx_word' id='word_1_89' title='bbox 1026 2251 1139 2315; x_wconf 89' lang='lat' dir='ltr'><strong>ardens</strong></span> 
     </span>
    </p>
   </div>
   <div class='ocr_carea' id='block_1_8' title="bbox 329 2356 1215 2654">
    <p class='ocr_par' dir='ltr' id='par_1_9' title="bbox 329 2356 1215 2654">
     <span class='ocr_line' id='line_1_18' title="bbox 357 2356 1177 2443; baseline -0.001 -21"><span class='ocrx_word' id='word_1_90' title='bbox 357 2359 430 2422; x_wconf 91' lang='lat' dir='ltr'><strong>Nec</strong></span> <span class='ocrx_word' id='word_1_91' title='bbox 450 2368 557 2422; x_wconf 88' lang='lat' dir='ltr'><strong>tamen</strong></span> <span class='ocrx_word' id='word_1_92' title='bbox 579 2358 641 2422; x_wconf 90' lang='lat' dir='ltr'><strong>alta</strong></span> <span class='ocrx_word' id='word_1_93' title='bbox 659 2359 780 2443; x_wconf 89' lang='lat' dir='ltr'><strong>pedum</strong></span> <span class='ocrx_word' id='word_1_94' title='bbox 800 2356 936 2420; x_wconf 88' lang='lat' dir='ltr'><strong>vulnera</strong></span> <span class='ocrx_word' id='word_1_95' title='bbox 956 2356 1053 2419; x_wconf 88' lang='lat' dir='ltr'><strong>sentit</strong></span> <span class='ocrx_word' id='word_1_96' title='bbox 1074 2379 1177 2422; x_wconf 84' lang='lat' dir='ltr'><strong>amor.</strong></span> 
     </span>
     <span class='ocr_line' id='line_1_19' title="bbox 329 2460 1134 2551; baseline -0.001 -25"><span class='ocrx_word' id='word_1_97' title='bbox 329 2465 402 2551; x_wconf 89' lang='lat' dir='ltr'><strong>Ipsa</strong></span> <span class='ocrx_word' id='word_1_98' title='bbox 423 2461 618 2550; x_wconf 87' lang='lat' dir='ltr'><strong>Cupidineae</strong></span> <span class='ocrx_word' id='word_1_99' title='bbox 639 2461 756 2524; x_wconf 89' lang='lat' dir='ltr'><strong>cedunt</strong></span> <span class='ocrx_word' id='word_1_100' title='bbox 777 2460 936 2523; x_wconf 85' lang='lat' dir='ltr'><strong>elementa</strong></span> <span class='ocrx_word' id='word_1_101' title='bbox 956 2460 1134 2543; x_wconf 83' lang='lat' dir='ltr'><strong>pharetrae,</strong></span> 
     </span>
     <span class='ocr_line' id='line_1_20' title="bbox 361 2552 1215 2654; baseline 0 -22"><span class='ocrx_word' id='word_1_102' title='bbox 361 2566 461 2633; x_wconf 87' lang='lat' dir='ltr'><strong>Cuius</strong></span> <span class='ocrx_word' id='word_1_103' title='bbox 481 2575 513 2629; x_wconf 84' lang='lat' dir='ltr'><strong>et</strong></span> <span class='ocrx_word' id='word_1_104' title='bbox 532 2563 579 2628; x_wconf 66' lang='lat' dir='ltr'><strong>in*</strong></span> <span class='ocrx_word' id='word_1_105' title='bbox 589 2565 704 2629; x_wconf 89' lang='lat' dir='ltr'><strong>mediis</strong></span> <span class='ocrx_word' id='word_1_106' title='bbox 724 2565 858 2629; x_wconf 86' lang='lat' dir='ltr'><strong>flamma</strong></span> <span class='ocrx_word' id='word_1_107' title='bbox 881 2566 1007 2630; x_wconf 82' lang='lat' dir='ltr'><strong>submit</strong></span> <span class='ocrx_word' id='word_1_108' title='bbox 1027 2568 1125 2654; x_wconf 88' lang='lat' dir='ltr'><strong>aquis.</strong></span> <span class='ocrx_word' id='word_1_109' title='bbox 1211 2552 1215 2567; x_wconf 50' lang='lat'><strong>¹</strong></span> 
     </span>
    </p>
   </div>
   <div class='ocr_carea' id='block_1_9' title="bbox 751 2702 888 2808">
    <p class='ocr_par' dir='ltr' id='par_1_10' title="bbox 751 2702 888 2808">
     <span class='ocr_line' id='line_1_21' title="bbox 751 2702 888 2808; baseline 0.029 -5"><span class='ocrx_word' id='word_1_110' title='bbox 751 2727 836 2808; x_wconf 76' lang='lat'><strong>627.</strong></span> <span class='ocrx_word' id='word_1_111' title='bbox 886 2702 888 2706; x_wconf 70' lang='grc'><strong>’</strong></span> 
     </span>
    </p>
   </div>
   <div class='ocr_carea' id='block_1_10' title="bbox 535 2840 990 2938">
    <p class='ocr_par' dir='ltr' id='par_1_11' title="bbox 535 2840 990 2938">
     <span class='ocr_line' id='line_1_22' title="bbox 535 2840 990 2938; baseline 0.002 -30"><span class='ocrx_word' id='word_1_112' title='bbox 535 2929 540 2938; x_wconf 78' lang='lat'><strong>.</strong></span> <span class='ocrx_word' id='word_1_113' title='bbox 586 2841 642 2908; x_wconf 90' lang='lat' dir='ltr'><strong>De</strong></span> <span class='ocrx_word' id='word_1_114' title='bbox 663 2840 814 2914; x_wconf 75' lang='lat' dir='ltr'><strong>Galatea</strong></span> <span class='ocrx_word' id='word_1_115' title='bbox 839 2842 875 2908; x_wconf 82' lang='lat' dir='ltr'><strong>in</strong></span> <span class='ocrx_word' id='word_1_116' title='bbox 899 2864 990 2909; x_wconf 80' lang='lat' dir='ltr'><strong>vase.</strong></span> 
     </span>
    </p>
   </div>
   <div class='ocr_carea' id='block_1_11' title="bbox 322 2956 1141 3366">
    <p class='ocr_par' dir='ltr' id='par_1_12' title="bbox 322 2956 1141 3256">
     <span class='ocr_line' id='line_1_23' title="bbox 322 2956 1130 3046; baseline 0 -24"><span class='ocrx_word' id='word_1_117' title='bbox 322 2959 436 3046; x_wconf 79' lang='lat' dir='ltr'><strong>Fulget</strong></span> <span class='ocrx_word' id='word_1_118' title='bbox 458 2970 489 3021; x_wconf 89' lang='lat' dir='ltr'><strong>et</strong></span> <span class='ocrx_word' id='word_1_119' title='bbox 506 2957 543 3022; x_wconf 90' lang='lat' dir='ltr'><strong>in</strong></span> <span class='ocrx_word' id='word_1_120' title='bbox 563 2968 679 3045; x_wconf 81' lang='lat' dir='ltr'><strong>patena</strong></span> <span class='ocrx_word' id='word_1_121' title='bbox 699 2959 784 3023; x_wconf 87' lang='lat' dir='ltr'><strong>ludit</strong></span> <span class='ocrx_word' id='word_1_122' title='bbox 802 2956 1020 3046; x_wconf 85' lang='lat' dir='ltr'><strong>pulcherrima</strong></span> <span class='ocrx_word' id='word_1_123' title='bbox 1040 2957 1130 3044; x_wconf 90' lang='lat' dir='ltr'><strong>Nais,</strong></span> 
     </span>
     <span class='ocr_line' id='line_1_24' title="bbox 364 3063 1114 3130; baseline 0.001 -3"><span class='ocrx_word' id='word_1_124' title='bbox 364 3063 583 3128; x_wconf 85' lang='lat' dir='ltr'><strong>Prandentum</strong></span> <span class='ocrx_word' id='word_1_125' title='bbox 601 3063 809 3130; x_wconf 89' lang='lat' dir='ltr'><strong>inflammans</strong></span> <span class='ocrx_word' id='word_1_126' title='bbox 831 3086 889 3127; x_wconf 91' lang='lat' dir='ltr'><strong>ora</strong></span> <span class='ocrx_word' id='word_1_127' title='bbox 913 3063 1027 3127; x_wconf 86' lang='lat' dir='ltr'><strong>decore</strong></span> <span class='ocrx_word' id='word_1_128' title='bbox 1048 3086 1114 3129; x_wconf 88' lang='lat' dir='ltr'><strong>suo.</strong></span> 
     </span>
     <span class='ocr_line' id='line_1_25' title="bbox 322 3167 1141 3256; baseline 0 -20"><span class='ocrx_word' id='word_1_129' title='bbox 322 3171 473 3256; x_wconf 87' lang='lat' dir='ltr'><strong>Congrua</strong></span> <span class='ocrx_word' id='word_1_130' title='bbox 493 3191 562 3233; x_wconf 90' lang='lat' dir='ltr'><strong>non</strong></span> <span class='ocrx_word' id='word_1_131' title='bbox 584 3169 693 3236; x_wconf 88' lang='lat' dir='ltr'><strong>tardus</strong></span> <span class='ocrx_word' id='word_1_132' title='bbox 714 3169 873 3234; x_wconf 86' lang='lat' dir='ltr'><strong>diffundat</strong></span> <span class='ocrx_word' id='word_1_133' title='bbox 891 3167 961 3232; x_wconf 91' lang='lat' dir='ltr'><strong>iura</strong></span> <span class='ocrx_word' id='word_1_134' title='bbox 982 3169 1141 3256; x_wconf 86' lang='lat' dir='ltr'><strong>minister,</strong></span> 
     </span>
    </p>

    <p class='ocr_par' dir='ltr' id='par_1_13' title="bbox 364 3273 996 3366">
     <span class='ocr_line' id='line_1_26' title="bbox 364 3273 996 3366; baseline -0.006 -24"><span class='ocrx_word' id='word_1_135' title='bbox 364 3277 414 3342; x_wconf 90' lang='lat' dir='ltr'><strong>Ut</strong></span> <span class='ocrx_word' id='word_1_136' title='bbox 432 3278 530 3342; x_wconf 87' lang='lat' dir='ltr'><strong>lateat</strong></span> <span class='ocrx_word' id='word_1_137' title='bbox 549 3275 661 3366; x_wconf 90' lang='lat' dir='ltr'><strong>positis</strong></span> <span class='ocrx_word' id='word_1_138' title='bbox 682 3287 766 3340; x_wconf 84' lang='lat' dir='ltr'><strong>tecta</strong></span> <span class='ocrx_word' id='word_1_139' title='bbox 784 3273 886 3338; x_wconf 89' lang='lat' dir='ltr'><strong>libido</strong></span> <span class='ocrx_word' id='word_1_140' title='bbox 907 3273 996 3339; x_wconf 88' lang='lat' dir='ltr'><strong>cibis.</strong></span> 
     </span>
    </p>
   </div>
   <div class='ocr_carea' id='block_1_12' title="bbox 642 3436 940 3638">
    <p class='ocr_par' dir='ltr' id='par_1_14' title="bbox 642 3436 940 3638">
     <span class='ocr_line' id='line_1_27' title="bbox 747 3436 831 3513; baseline -0.119 -2"><span class='ocrx_word' id='word_1_141' title='bbox 747 3436 831 3513; x_wconf 75' lang='lat'><strong>628.</strong></span> 
     </span>
     <span class='ocr_line' id='line_1_28' title="bbox 642 3549 940 3638; baseline -0.003 -22"><span class='ocrx_word' id='word_1_142' title='bbox 642 3551 798 3638; x_wconf 79' lang='lat' dir='ltr'><strong>Magnae</strong></span> <span class='ocrx_word' id='word_1_143' title='bbox 817 3549 940 3617; x_wconf 81' lang='lat' dir='ltr'><strong>Matri.</strong></span> 
     </span>
    </p>
   </div>
   <div class='ocr_carea' id='block_1_13' title="bbox 325 3661 1189 4364">
    <p class='ocr_par' dir='ltr' id='par_1_15' title="bbox 329 3661 1189 3754">
     <span class='ocr_line' id='line_1_29' title="bbox 329 3661 1189 3754; baseline 0 -23"><span class='ocrx_word' id='word_1_144' title='bbox 329 3666 410 3731; x_wconf 91' lang='lat' dir='ltr'><strong>Sum</strong></span> <span class='ocrx_word' id='word_1_145' title='bbox 432 3689 532 3754; x_wconf 86' lang='lat' dir='ltr'><strong>vagus</strong></span> <span class='ocrx_word' id='word_1_146' title='bbox 553 3666 699 3746; x_wconf 89' lang='lat' dir='ltr'><strong>adsidue,</strong></span> <span class='ocrx_word' id='word_1_147' title='bbox 725 3675 794 3728; x_wconf 87' lang='lat' dir='ltr'><strong>toto</strong></span> <span class='ocrx_word' id='word_1_148' title='bbox 815 3661 1028 3729; x_wconf 85' lang='lat' dir='ltr'><strong>circumferor</strong></span> <span class='ocrx_word' id='word_1_149' title='bbox 1051 3665 1138 3750; x_wconf 91' lang='lat' dir='ltr'><strong>orbe,</strong></span> <span class='ocrx_word' id='word_1_150' title='bbox 1187 3713 1189 3716; x_wconf 91' lang='lat'>-</span> 
     </span>
    </p>

    <p class='ocr_par' dir='ltr' id='par_1_16' title="bbox 325 3767 1064 3942">
     <span class='ocr_line' id='line_1_30' title="bbox 325 3767 1064 3838; baseline 0.004 -4"><span class='ocrx_word' id='word_1_151' title='bbox 325 3771 397 3835; x_wconf 91' lang='lat' dir='ltr'><strong>Nec</strong></span> <span class='ocrx_word' id='word_1_152' title='bbox 417 3793 473 3835; x_wconf 89' lang='lat' dir='ltr'><strong>me</strong></span> <span class='ocrx_word' id='word_1_153' title='bbox 491 3771 612 3838; x_wconf 84' lang='lat' dir='ltr'><strong>diversi</strong></span> <span class='ocrx_word' id='word_1_154' title='bbox 633 3768 759 3834; x_wconf 86' lang='lat' dir='ltr'><strong>cohibet</strong></span> <span class='ocrx_word' id='word_1_155' title='bbox 780 3767 928 3835; x_wconf 85' lang='lat' dir='ltr'><strong>distantia</strong></span> <span class='ocrx_word' id='word_1_156' title='bbox 949 3771 1064 3837; x_wconf 88' lang='lat' dir='ltr'><strong>mundi</strong></span> 
     </span>
     <span class='ocr_line' id='line_1_31' title="bbox 369 3874 1011 3942; baseline 0 -1"><span class='ocrx_word' id='word_1_157' title='bbox 369 3874 517 3942; x_wconf 88' lang='lat' dir='ltr'><strong>Alterius</strong></span> <span class='ocrx_word' id='word_1_158' title='bbox 539 3878 633 3942; x_wconf 89' lang='lat' dir='ltr'><strong>titulo</strong></span> <span class='ocrx_word' id='word_1_159' title='bbox 654 3874 790 3939; x_wconf 87' lang='lat' dir='ltr'><strong>subdere</strong></span> <span class='ocrx_word' id='word_1_160' title='bbox 810 3885 887 3938; x_wconf 86' lang='lat' dir='ltr'><strong>vota</strong></span> <span class='ocrx_word' id='word_1_161' title='bbox 906 3899 1011 3942; x_wconf 87' lang='lat' dir='ltr'><strong>reum.</strong></span> 
     </span>
    </p>

    <p class='ocr_par' dir='ltr' id='par_1_17' title="bbox 326 3979 1099 4151">
     <span class='ocr_line' id='line_1_32' title="bbox 326 3979 1099 4065; baseline 0.001 -18"><span class='ocrx_word' id='word_1_162' title='bbox 326 3981 410 4047; x_wconf 86' lang='lat' dir='ltr'><strong>Veri</strong></span> <span class='ocrx_word' id='word_1_163' title='bbox 430 3993 517 4047; x_wconf 87' lang='lat' dir='ltr'><strong>certa</strong></span> <span class='ocrx_word' id='word_1_164' title='bbox 537 3979 635 4065; x_wconf 87' lang='lat' dir='ltr'><strong>fides,</strong></span> <span class='ocrx_word' id='word_1_165' title='bbox 663 3979 805 4046; x_wconf 85' lang='lat' dir='ltr'><strong>Tiburni</strong></span> <span class='ocrx_word' id='word_1_166' title='bbox 823 3980 971 4047; x_wconf 73' lang='lat' dir='ltr'><strong>venitin</strong></span> <span class='ocrx_word' id='word_1_167' title='bbox 991 4004 1099 4048; x_wconf 89' lang='lat' dir='ltr'><strong>arcem</strong></span> 
     </span>
     <span class='ocr_line' id='line_1_33' title="bbox 369 4086 499 4151; baseline -0.015 0"><span class='ocrx_word' id='word_1_168' title='bbox 369 4086 499 4151; x_wconf 81' lang='lat' dir='ltr'><strong>Etiam</strong></span> 
     </span>
    </p>

    <p class='ocr_par' dir='ltr' id='par_1_18' title="bbox 328 4190 939 4364">
     <span class='ocr_line' id='line_1_34' title="bbox 328 4190 711 4278; baseline -0.008 -21"><span class='ocrx_word' id='word_1_169' title='bbox 328 4191 439 4275; x_wconf 86' lang='lat' dir='ltr'><strong>Quare</strong></span> <span class='ocrx_word' id='word_1_170' title='bbox 459 4214 479 4254; x_wconf 93' lang='grc' dir='ltr'><strong>ο</strong></span> <span class='ocrx_word' id='word_1_171' title='bbox 499 4190 576 4254; x_wconf 87' lang='lat' dir='ltr'><strong>diva</strong></span> <span class='ocrx_word' id='word_1_172' title='bbox 594 4211 711 4278; x_wconf 84' lang='lat' dir='ltr'><strong>parens</strong></span> 
     </span>
     <span class='ocr_line' id='line_1_35' title="bbox 372 4295 939 4364; baseline -0.011 0"><span class='ocrx_word' id='word_1_173' title='bbox 372 4296 517 4364; x_wconf 85' lang='lat' dir='ltr'><strong>Ausonia</strong></span> <span class='ocrx_word' id='word_1_174' title='bbox 538 4295 573 4360; x_wconf 90' lang='lat' dir='ltr'><strong>in</strong></span> <span class='ocrx_word' id='word_1_175' title='bbox 594 4307 680 4361; x_wconf 88' lang='lat' dir='ltr'><strong>terra</strong></span> <span class='ocrx_word' id='word_1_176' title='bbox 723 4340 939 4360; x_wconf 91' lang='grc'><strong>.....</strong></span> 
     </span>
    </p>
   </div>
   <div class='ocr_carea' id='block_1_14' title="bbox 0 0 1534 4816">
    <p class='ocr_par' dir='ltr' id='par_1_19' title="bbox 0 0 1534 4816">
     <span class='ocr_line' id='line_1_36' title="bbox 0 0 1534 4816; baseline 0 0"><span class='ocrx_word' id='word_1_177' title='bbox 0 0 1534 4816; x_wconf 95' lang='lat' dir='ltr'><strong> </strong></span> 
     </span>
    </p>
   </div>
  </div>
 </body>
</html>
