2876 4824
749 229 773 300 8

654 316 856 334 m

615 418 906 596 Porcii25Lioinii.
1123 619 1128 624 μ

196 647 198 654 ”
275 633 413 700 Poenico
434 631 519 696 bello
540 630 678 696 secundo
697 631 792 705 Musa
812 627 943 717 pinnato
967 630 1067 717 gradu

274 739 382 804 Intulit
403 760 436 801 se
455 735 641 800 bellicosam
661 735 697 802 in
717 734 852 800 Romuli
872 748 997 820 gentem
1018 735 1133 804 feram.
1169 776 1172 779 -

615 990 736 1058 Porcii
760 989 914 1058 Licinii..

274 1096 426 1164 Custodes
447 1095 578 1180 ovium,
597 1088 782 1184 teneraeque
801 1093 1003 1186 propaginis,
1022 1115 1151 1182 agnum,

315 1201 477 1288 Quaeritis
497 1201 629 1288 ignem?
650 1201 693 1267 ite
711 1201 784 1268 huc.
805 1199 972 1290 quaeritis?
997 1196 1201 1287 ignis'homo
1222 1211 1279 1272 est.

273 1307 309 1374 si
331 1307 429 1393 digito
451 1306 598 1394 attigero,
618 1307 789 1374 incendam
809 1309 927 1373 silvam
945 1305 1044 1372 simul
1064 1327 1210 1373 omnem.

314 1413 424 1478 Omne
445 1434 539 1501 pecus
563 1411 695 1478 flamma
716 1426 777 1497 est,
799 1414 925 1493 omnia,
949 1432 1028 1500 quae
1048 1411 1156 1483 video.

602 1667 743 1736 Valerii
767 1667 924 1736 Aeditui.

274 1769 362 1856 Quid
382 1769 521 1838 faculam
542 1760 698 1862 praefers,
719 1774 888 1841 Phileros?
910 1795 970 1859 qua
988 1770 1036 1835 nil
1050 1771 1123 1859 opu'
1144 1767 1247 1840 nobis.

312 1874 429 1940 Ibimu’
450 1875 514 1944 sic:
535 1878 620 1943 lucet
638 1892 768 1966 pectore
789 1878 921 1944 flamma
941 1877 1026 1942 satis.
1129 1861 1133 1871 ⁵

270 1978 370 2044 istam
390 2001 468 2043 nam
488 1982 571 2068 potis
591 1993 638 2046 est
657 1985 708 2047 vis
729 2007 823 2049 saeva
844 1983 1027 2068 extinguere
1047 1979 1135 2046 venti

315 2081 385 2149 Aut
402 2082 509 2148 imber
529 2087 615 2149 caelo
639 2087 783 2150 candidu’
803 2086 1020 2175 praecipitans,

209 2199 232 2262 5
273 2186 320 2254 At
338 2199 448 2252 contra
468 2190 555 2254 hunc
575 2190 686 2278 ignem
707 2189 862 2272 Veneris,
888 2189 953 2252 uisi
973 2189 1001 2254 si
1020 2189 1130 2255 Venus
1151 2189 1228 2278 ipsa,

313 2293 413 2358 Nulla
432 2307 478 2359 cst
498 2315 578 2380 quae
597 2295 697 2384 possit
717 2294 768 2361 vis
789 2294 849 2360 alie
870 2295 1062 2384 opprimere.

603 2549 744 2618 Vetera
768 2533 924 2618 Aeone.

272 2652 391 2719 Dicere
410 2675 510 2738 quom
531 2677 630 2721 conor
655 2678 764 2720 curam
788 2656 863 2739 tibi,
891 2655 1076 2740 Pamphila,
1099 2650 1213 2732 cordis,

316 2757 403 2844 Quid
423 2761 471 2824 mi
492 2760 546 2825 abs
567 2772 598 2824 te
618 2783 778 2847 quaeram,
798 2761 897 2827 verba
917 2759 1012 2825 labris
1034 2757 1163 2840 abeunt3

272 2861 335 2928 Per
358 2876 462 2952 pectus
483 2865 639 2930 miserum
663 2876 771 2928 manat
790 2863 903 2926 subido
924 2863 1006 2927 mihi
1026 2864 1140 2930 sudor:
1158 2893 1160 2896 ·

311 2967 364 3032 sic
384 2969 506 3054 tacitus,
532 2970 661 3036 subidus
670 3019 681 3049 ,
703 2969 799 3056 duplo
821 2968 894 3036 ideo
914 2993 1022 3058 pereo.

733 3121 793 3198 ro·
857 3209 859 3218 s

666 3228 855 3296 Lucilii.

273 3325 402 3410 Virtus,
424 3327 562 3412 Albine,
583 3343 643 3412 est,
663 3331 803 3417 pretium
819 3332 1003 3416 persolvere
1022 3349 1148 3408 verum,

274 3430 373 3515 Queis
393 3432 429 3496 in
450 3435 632 3513 versamur,
653 3429 739 3515 queis
762 3431 909 3512 vivimu’,
931 3431 1017 3497 rebu’
1038 3442 1172 3518 potesse.

273 3533 384 3602 Virtus
406 3550 452 3604 est
472 3537 608 3616 homini,
629 3533 710 3597 scire
728 3531 778 3613 id,
800 3535 876 3619 quid
898 3559 1035 3623 quaeque
1055 3533 1166 3599 habeat
1185 3556 1246 3596 res.

273 3639 385 3707 Virtus
406 3644 487 3708 scire
510 3636 649 3720 homini,
677 3647 799 3701 rectum
819 3639 895 3704 utile
915 3641 989 3729 quid
1009 3641 1050 3706 sit
1068 3640 1245 3724 honestum,

209 3751 231 3816 5
273 3743 363 3830 Quae
374 3747 467 3828 bona,
484 3765 560 3830 quae
573 3726 672 3829 1111115
686 3742 764 3807 item
778 3744 853 3830 quid
868 3745 978 3811 inutile
996 3741 1086 3830 turpe
1096 3745 1306 3810 inhonestum.

272 3850 402 3933 Virtus,
425 3845 619 3936 quaerendae
640 3845 739 3912 finem
759 3849 808 3914 rei
829 3850 910 3915 scire
930 3851 1135 3937 modumque.

271 3955 400 4038 Virtus,
424 3950 542 4018 divitiis
560 3950 699 4040 pretium
718 3955 902 4038 persolvere
920 3979 1023 4044 posse.

271 4059 399 4142 Virtus,
427 4057 578 4142 iddare,
605 4057 689 4146 quod
711 4059 835 4148 reipsa
857 4061 1000 4143 debetur,
1022 4061 1148 4142 honori,
1218 4088 1222 4094 ·

272 4165 409 4230 Hostem
416 4165 932 4254 esseetqueinimicumhominum
940 4163 1306 4251 morumqucmalornm,

213 4280 254 4341 10
275 4269 396 4332 Contra
418 4265 621 4336 defensorem
637 4271 812 4339 hominum
831 4295 1022 4359 morumque
1042 4270 1213 4351 bonorum,

274 4369 481 4458 Magnificam
501 4375 575 4460 hos,
596 4373 646 4442 his
667 4376 747 4448 bene
768 4376 936 4460 velle,l1is
957 4376 1069 4442 vivere
1089 4374 1244 4453 amicum
