3002 4816
524 518 581 583 De
603 516 709 584 Luna
730 526 764 582 et
790 517 911 584 Musis.

246 631 373 700 Phoebe
392 629 504 698 sedens
526 632 652 717 gremio
681 653 779 716 quem
806 629 869 698 sert
890 631 1043 717 germana
1064 634 1230 719 reclinem,

286 737 505 822 Languidulos
528 735 620 823 pueri
640 735 814 822 respiciens
836 737 970 803 oculos?

149 885 153 894 ·
246 841 331 924 Vos,
352 842 599 928 Heliconiadae,
620 840 750 905 lentum.
767 839 942 908 submittite
963 865 1105 911 carmen.

287 947 442 1012 Carmine
465 969 598 1012 somnus
620 943 723 1028 adest,
747 946 891 1010 carmine
908 969 1041 1014 somnus
1064 949 1159 1016 abest.

731 1127 770 1184 ‘le

364 1231 406 1298 T.
428 1231 540 1300 caesii
565 1116 724 1300 ranerii
741 1227 880 1300 Votum
895 1233 1082 1302 Fortunae.

245 1365 316 1444 Tu,
336 1391 415 1454 quae
437 1369 580 1458 Tarpeio
605 1370 722 1436 coleris
745 1369 854 1434 vicina
874 1368 1027 1451 Tonanti,

244 1470 407 1538 Votorum
428 1473 552 1540 vindex
572 1499 718 1564 semper,
741 1473 899 1554 Fortuna,
929 1497 1091 1554 meorum,

247 1571 386 1664 Accipe,
409 1603 489 1667 quae
514 1580 729 1679 pietaslponit
745 1578 805 1643 tibi
826 1578 911 1644 dona
932 1580 1070 1643 merenti

247 1679 403 1767 Effigiem
424 1685 527 1750 nostri
547 1697 773 1751 conservatum
798 1681 955 1772 parentis3

160 1797 181 1858 5
248 1786 346 1854 Cuius
368 1811 410 1850 ne
431 1800 528 1853 iaceat
549 1789 801 1855 memorandum
823 1787 927 1852 littera
951 1807 1084 1869 nomen,

245 1891 375 1955 Caesius
396 1892 450 1956 hic
471 1894 623 1979 idemque
646 1894 739 1958 Titus
760 1891 955 1975 Primusque
977 1903 1118 1956 vocatur.

153 2071 155 2076 Ι
246 1995 312 2082 Qui
333 1997 439 2082 largae
461 1997 590 2062 Cereris
611 2021 733 2064 messes·
752 1995 935 2080 fluctusque
954 2007 1082 2060 renatos
1163 2019 1167 2051 t

243 2101 371 2188 Digerit
391 2100 427 2164 in
448 2101 608 2189 pretium,
630 2103 681 2167 cui
704 2115 823 2167 constat
843 2099 931 2165 sama
950 2098 1092 2187 fidesque

243 2206 303 2289 Et,
328 2203 383 2292 qui
405 2203 532 2271 divitias
554 2207 672 2292 vincit,
694 2207 802 2297 pudor
809 2229 820 2284 3
843 2204 892 2270 ire
913 2225 972 2292 per
995 2203 1069 2270 illos

161 2325 201 2383 10
243 2312 419 2377 Consuetus
439 2324 549 2400 portus
573 2335 648 2381 cura
676 2312 846 2398 studioque
865 2307 996 2392 laboriS,

193 2399 196 2410 λ
242 2416 356 2483 Litora
379 2417 434 2504 qui
454 2431 617 2507 praestant
634 2416 724 2485 fessis
744 2414 901 2483 tutissima
922 2413 1036 2482 nautis.

243 2522 347 2588 Notus
369 2521 404 2586 in
424 2523 505 2588 urbe
526 2547 635 2606 sacra,
662 2535 755 2592 notus
780 2543 905 2608 quoque
925 2517 1042 2584 linibus
1064 2520 1139 2605 illis,

244 2627 334 2711 Quos
356 2627 483 2692 Umber
501 2631 624 2696 sulcare
644 2630 738 2710 solet,
761 2645 840 2712 quos
862 2626 985 2690 Tuscus
1008 2637 1124 2694 arator.

246 2731 411 2796 Omnibus
426 2731 480 2797 hio
503 2734 593 2797 annis
611 2745 766 2812 votorum
789 2753 884 2795 more
904 2754 1040 2796 suorum

163 2847 203 2908 15
239 2836 405 2900 Centenas.
416 2837 518 2903 adicit·
530 2861 669 2908 numero
692 2849 852 2903 crescente
874 2860 1019 2920 coronas,

244 2941 404 3013 Fortunae
423 2941 595 3008 simulacra
616 2942 722 3006 colens
747 2952 779 3005 et
798 2939 964 3026 Apollinis
983 2964 1053 3008 aras
1110 3022 1113 3026 ι

245 3042 479 3132 Arkanumque
497 3046 624 3127 Iovem,
646 3067 787 3132 quorum
808 3045 964 3110 consentit
984 3045 1020 3110 in
1041 3045 1098 3110 illo

245 3149 420 3230 Maiestas„
428 3150 542 3236 longae
563 3148 754 3237 promittens
776 3161 924 3238 tempora
943 3149 1040 3214 vitae.

245 3252 368 3340 Accipe
387 3251 569 3339 posteritas,
597 3251 682 3337 quod
703 3274 764 3342 per
783 3265 836 3318 tua
855 3255 977 3318 saecula
997 3277 1118 3319 narres.

161 3375 204 3434 20
246 3357 425 3438 Taurinae,
456 3355 521 3420 cari
540 3356 642 3421 iussus
662 3359 776 3447 pietate
797 3359 947 3448 parentis,

243 3467 318 3530 Hoc
338 3462 446 3552 posuit
465 3461 604 3547 donum,
626 3465 712 3550 quod
733 3487 794 3530 nec
816 3464 969 3528 sententia
989 3466 1124 3548 mortis,

245 3571 387 3638 Vincere
407 3591 467 3633 neo
487 3570 604 3658 poterit
623 3569 764 3638 fatorum
784 3593 912 3636 summa
932 3581 1082 3657 potestas,

246 3674 442 3763 Sedpopuli
461 3675 552 3740 salvo
572 3697 700 3764 semper
719 3699 853 3743 rumore
875 3675 1030 3744 mauebit.

673 3846 758 3926 623·

245 3972 350 4040 Huius
374 3972 535 4061 Nympha
556 3971 638 4055 loci,
663 3972 746 4036 sacri
767 3970 909 4036 custodia
928 3969 1036 4053 fontis,

285 4078 445 4162 Dormio,
466 4078 544 4142 dum
564 4076 699 4141 blandae
720 4075 821 4140 sentio
841 4097 991 4142 murmur
1012 4099 1119 4163 aquae.

158 4227 161 4231 ,
244 4183 343 4248 Parce
364 4207 496 4264 meum,
526 4181 665 4268 quisquis
684 4179 785 4265 tangis
807 4202 883 4246 cava
904 4203 1088 4257 marmora,
1117 4198 1270 4240 somnum

288 4289 476 4378 Rumpere:
507 4285 578 4350 sive
598 4284 688 4356 bibas
709 4284 778 4350 sive
798 4287 925 4370 lasere,
946 4299 1036 4353 tace„
