2992 4826
656 217 703 292 41

214 404 394 494 Disciplina
413 403 534 474 trabit?
576 407 630 474 Sic
650 405 730 474 fa‘cta
749 431 809 497 per
831 408 941 473 omnia
963 429 1071 475 rursus

123 520 172 588 25
212 511 398 598 Ingrediens
420 513 554 599 ortoque
575 535 593 576 a
611 534 746 600 vespere
767 525 878 578 cuncta
898 515 1083 596 resolvens,

213 616 363 684 Offensus
383 616 513 707 pravis,
544 616 598 682 dat
616 619 760 707 palmam
781 631 812 686 et
830 617 973 705 praemia
995 619 1102 686 rectis.

642 767 728 838 112·

485 869 522 937 C.
546 865 660 937 Cassii
682 871 883 942 Parmensis

614 975 748 1046 Orpheus.

211 1077 356 1164 Argutae
376 1075 523 1164 primum
543 1099 618 1142 cum
638 1076 758 1166 plectra
778 1076 917 1167 parentis
937 1090 968 1144 et
988 1077 1065 1145 auro

214 1180 410 1248 Distinctam
429 1181 541 1248 sumsit
562 1181 717 1247 citharam
737 1181 946 1273 Rhodopeius
972 1183 1077 1272 heros,

214 1287 377 1384 Ridebant
396 1311 506 1376 segnes
523 1289 630 1378 pulsus
652 1287 828 1376 digitosque
847 1288 1002 1358 micantea

217 1392 324 1457 Serius
345 1405 376 1458 et
396 1385 523 1458 brordis
545 1393 691 1459 indoctae
712 1393 840 1458 dissona
859 1395 960 1465 vocis.

214 1497 300 1564 Mox
319 1498 425 1586 pudor
446 1498 602 1566 exardens
624 1513 654 1564 et
675 1498 778 1586 gloria
800 1497 900 1566 dulcis
921 1499 1049 1565 honesti

215 1601 354 1668 Lusibus
376 1605 490 1670 avertit
509 1603 701 1693 puerilibus,
724 1603 831 1668 omnis
852 1616 883 1670 et
902 1604 980 1670 illuc

215 1708 359 1774 Perditus
380 1709 569 1774 incumbens
590 1709 704 1774 Musae
723 1708 863 1796 pallebat
879 1729 1002 1773 amore.

181 1851 185 1861 ·
214 1815 261 1882 Et
279 1834 366 1879 nunc
388 1812 543 1877 maternis
565 1812 683 1895 inhiat,
705 1833 792 1876 nunc
812 1810 868 1875 ille
887 1809 1027 1899 paternis

216 1918 388 2000 Cantibus,
417 1917 495 1983 hinc
514 1917 606 1982 illinc
627 1917 750 1982 discens
771 1914 928 2006 dependet
944 1915 1114 2006 utrimque.

22 2063 24 2108 ς
123 2037 174 2102 10
214 2025 316 2089 Nulla
337 2023 448 2086 Venus
469 2019 587 2086 faciem
608 2020 690 2108 oepit
710 2019 846 2087 mentita
865 2019 987 2109 dolosis

22 2169 23 2202 ;
128 2163 132 2168 -
216 2123 454 2215 Compedibus,
480 2123 588 2188 somni
609 2122 712 2191 fuerat
731 2148 907 2216 parcusque
927 2127 1043 2214 Lyaei,

215 2232 346 2312 Donec,
369 2229 523 2294 ridiculus
544 2227 685 2314 dudum,
708 2231 930 2298 modulamine
950 2233 1048 2298 silvas

215 2337 420 2422 Evulsosque
440 2333 504 2400 suis
525 2334 672 2422 scopulos
693 2335 852 2401 radicibus
875 2337 947 2424 egit.

215 2439 323 2506 Ausus
346 2449 377 2503 et
395 2437 444 2502 ire
464 2436 555 2502 viam
575 2439 758 2507 viventibus
780 2440 1010 2526 inconcessam,

127 2556 175 2623 15
215 2544 399 2609 Poenarum
419 2541 535 2609 oblitos
558 2532 707 2610 demulsit
728 2548 871 2612 carmine
893 2549 1018 2621 Manes.

216 2649 295 2717 Non
316 2648 399 2714 levis
421 2647 606 2733 adscensus,
635 2649 665 2715 si
685 2652 753 2738 quis
775 2655 852 2741 petit
871 2653 988 2733 ardua3
1017 2652 1115 2720 sudor

218 2754 380 2820 Plurisnus
401 2752 487 2819 hunc
506 2756 607 2840 tollit,
632 2770 789 2823 nocturno
811 2759 975 2824 exsomnis
997 2761 1087 2827 olivo

215 2860 409 2942 Inmoritur,
440 2859 586 2945 damnat,
615 2863 716 2928 modo
738 2865 821 2950 quod
843 2866 1028 2930 laudaverat
1048 2865 1084 2930 in
1101 2889 1146 2950 se,

216 2964 283 3052 Qui
304 2965 390 3055 cupit
410 2977 553 3030 aeternae
575 2965 689 3030 donari
709 2964 835 3030 frondis
856 2968 990 3033 honore.

628 3115 729 3188 ¹113·
839 3167 841 3172 ,

599 3213 785 3287 Gaetulici.

259 3335 340 3402 Non
360 3333 441 3400 aries
461 3333 557 3402 illum
577 3358 682 3401 verno
703 3333 784 3402 feret
805 3335 879 3404 abire
900 3359 1011 3422 cornu,
1083 3364 1087 3372 ·

261 3438 384 3508 Gnosia
401 3462 462 3506 nec
483 3440 605 3528 gemini
625 3441 819 3527 praecedunt
840 3465 960 3508 cornua
981 3443 1137 3529 Taurum,

261 3548 352 3613 Sicca
363 3545 549 3634 Lycaonius
570 3546 734 3636 resupinat
753 3548 891 3636 plaustra
912 3549 1038 3615 Bootes.

646 3691 730 3766 114.

565 3795 715 3868 Horatii
739 3803 813 3871 Ode

488 3927 490 3934 ¹
544 3907 578 3959 ad
602 3906 700 3961 Iulium
717 3910 834 3961 Florum.

237 4038 238 4042 =
297 3994 451 4063 Discolor
471 3995 629 4082 grandem
650 4010 762 4084 gravat
782 4017 847 4064 uva
867 4019 1011 4081 ramum3

297 4103 399 4168 Instat
416 4097 601 4183 autumnus3
621 4101 761 4188 glacialis
782 4123 866 4166 anno

299 4207 384 4274 Mox
405 4206 508 4276 hiems
531 4206 685 4273 volvente
705 4203 826 4291 aderit,
853 4209 974 4299 capillis

548 4311 680 4382 horrida
701 4312 797 4381 cauis.
