2992 4826
756 223 806 300 24

684 304 888 333 ιιι-Μ

589 537 634 606 Ρ.
660 533 696 605 V
696 419 816 624 irgilsii
835 535 996 604 Maronia

539 642 573 704 ‚in
588 642 682 733 Niaum
706 641 849 706 libertum,
872 643 1027 711 spadonem·

324 745 402 810 Pars
422 741 490 828 tibi,
511 741 608 824 Nise,
630 741 720 806 delur
740 738 874 823 Bacchi,
895 763 967 830 pars
988 740 1104 808 deinde
1124 754 1262 829 nugatur.

364 848 444 914 Esse
462 859 552 937 potes
568 845 687 932 Liber,
714 869 781 914 non
802 856 892 936 potes
912 869 979 911 uec
999 847 1101 912 Pater.

517 1120 519 1124 ’
590 1099 636 1168 Ρ.
662 993 819 1188 Virgilii
840 1101 997 1169 Maronia

563 1205 593 1258 a
620 1202 745 1255 nauatam
774 1203 833 1256 uu
860 1208 1022 1276 nagream.

325 1305 440 1373 Monte
458 1303 517 1371 sub
540 1302 605 1368 hoc
623 1300 767 1391 lapidum
787 1303 904 1390 tegitur
925 1306 1040 1372 Balista
1060 1307 1214 1396 sepultus:

367 1411 491 1494 Nocte,
515 1407 567 1473 die
587 1418 689 1474 tutum
710 1427 826 1497 carpe,
846 1408 971 1493 viator,
991 1410 1062 1477 iter.

768 1555 829 1634 98·
887 1617 891 1630 .

588 1661 632 1728 P.
657 1660 813 1751 Virgilii
840 1665 1008 1734 Maronia.

331 1778 463 1847 Mantua
482 1795 537 1841 me
557 1776 679 1864 genuit,
702 1777 833 1846 Calabri
851 1805 1002 1872 rapuere,
1025 1793 1108 1847 tenet
1128 1777 1271 1878 ¹¹1¹¹1¹⁰,4‚,.l

372 1883 581 1971 Parthenope.
625 1878 737 1947 cecini
757 1906 889 1974 pascua,
918 1911 1011 1970 rura,
1040 1885 1145 1951 duces.

591 2136 636 2203 r.
661 2035 1014 2227 ragtii‘raaa

249 2255 380 2322 Humor
400 2249 457 2318 uit
473 2261 627 2338 segetem,
646 2254 742 2340 segeti
752 2255 940 2346 contrarius
960 2255 1092 2320 humor.

251 2358 348 2445 Quod
368 2357 471 2439 iuvat,
490 2354 554 2423 hoc
573 2354 666 2426 dulce
685 2370 748 2424 eat:
771 2359 857 2448 quod
878 2364 1016 2447 cogitur,
1035 2360 1135 2438 altera
1151 2377 1241 2424 more
1261 2371 1317 2426 cst.

591 2611 636 2682 P.
664 2612 817 2704 Virgilii
838 2616 1007 2684 Maronia.

332 2728 495 2822 Adspice,
515 2750 613 2816 quem
633 2730 742 2796 valido
762 2714 938 2798 subnixum
958 2731 1060 2819 gloria
1079 2753 1180 2820 regno

374 2833 482 2902 Altius
502 2845 532 2900 ct
553 2833 635 2898 coeli
654 2835 780 2901 sedibus
801 2838 973 2904 extulerat!

305 2941 512 3020 'Terrarum
532 2939 586 3006 hio
604 2939 690 3006 bello
709 2963 866 3029 magnum
886 2955 1086 3010 concusserat
1108 2942 1233 3025 orbem,

375 3047 441 3114 Hio
459 3067 549 3132 reges
570 3043 670 3111 Asiae
690 3043 842 3134 fregerat,
863 3049 917 3114 hic
937 3049 1083 3138 populos,

251 3161 273 3229 5
333 3153 399 3219 Hic
418 3173 516 3239 grave
535 3149 705 3216 servitium
726 3151 793 3216 iam
813 3154 881 3234 iam
900 3154 977 3239 tibi,
997 3154 1123 3240 Roma,
1143 3151 1279 3220 ferebat:

376 3259 488 3324 Cetera
506 3277 646 3342 namque
669 3255 736 3320 viri
758 3259 1120 3346 cuspideconciderant,
1214 3307 1216 3314 -

338 3362 424 3429 Cum
442 3359 546 3425 subito
565 3359 601 3426 in
622 3361 730 3426 medio
751 3386 863 3426 rerum
885 3362 1059 3428 certamine
1083 3375 1232 3452 praeceps

375 3463 516 3548 Corruit,
546 3485 565 3528 c
583 3464 685 3553 patria
705 3465 811 3555 pulsus
836 3465 872 3531 in
893 3465 1040 3533 exilium.

338 3571 421 3638 Tale
439 3571 549 3636 Deum
568 3592 706 3652 numcn3
733 3569 788 3636 tali
808 3569 957 3638 mortalia
976 3583 1055 3637 nutu

255 3692 297 3752 10
379 3675 491 3743 Fallax
510 3687 678 3742 momento
699 3677 854 3768 temporis
875 3675 955 3744 hora
977 3675 1074 3744 dedit.

611 3949 657 4018 P·
683 3945 838 4035 Virgilii
858 3945 1016 4014 Maronia

647 4055 682 4109 ad
697 4051 840 4126 Antonium
855 4051 967 4106 Musam.

344 4148 553 4240 Quocumque
573 4151 622 4218 ire
643 4154 751 4221 ferunt
771 4150 879 4218 variae
898 4175 958 4218 nos
979 4163 1125 4240 tempora
1147 4149 1240 4234 vitae,

386 4256 534 4346 Tangere
554 4279 629 4345 quae
650 4270 749 4324 terras
768 4279 908 4344 quosque
928 4255 1041 4325 videre
1059 4255 1222 4339 homiues,

344 4362 549 4455 Diapeream,
570 4362 598 4429 si
620 4373 651 4429 te
671 4359 768 4430 fuerit
786 4360 869 4427 mihi
890 4360 993 4428 carior
1014 4361 1103 4430 alter.
