3000 4820
632 246 706 318 137

279 436 418 506 Ambitn
439 435 555 527 pascis,
582 433 755 518 Blummit,
783 434 930 522 superbo.

281 542 377 609 Unde
396 541 451 606 sed
472 563 601 630 pascor,
622 563 695 604 mea
716 549 788 606 sunt
806 561 866 626 per
886 563 1000 608 omnes

281 649 396 736 Sparsa
417 645 570 710 convivas
590 645 694 729 bona3
714 667 775 710 neo
795 644 963 730 volebam,

282 752 432 818 Pasoeues
453 771 647 836 quemquam
667 763 850 840 paterasque
876 771 1017 837 mecum,

280 857 335 921 Ne
352 853 411 920 tibi
433 855 605 944 quidquam
630 855 740 937 detur,
768 852 852 918 unde
871 877 990 944 pascas.

281 961 356 1026 Hoc
376 971 485 1024 tamen
508 958 536 1023 si
555 969 589 1025 tu
610 959 691 1026 vitio
712 959 843 1043 teneris,

281 1064 341 1132 Me
359 1085 475 1154 precor
493 1086 669 1154 numquam
689 1062 796 1130 iubeas
815 1065 936 1132 vocari.

325 1297 382 1368 De
401 1299 530 1390 auriga
550 1217 849 1392 latagirgiquenter
868 1302 1021 1372 cudente.

152 1487 155 1495 ¹
205 1405 386 1472 Pascasium
408 1405 553 1492 aurigam
573 1407 685 1496 populi
705 1405 838 1473 fortasse
853 1406 1005 1492 fatentur,

206 1511 269 1576 Ast
289 1533 348 1598 ego
368 1534 435 1578 non
456 1511 543 1578 aliud
564 1535 661 1600 quam
679 1512 806 1597 turgida
829 1513 977 1580 membra
995 1517 1114 1584 notabo

206 1617 419 1706 inflatumque
442 1629 534 1705 caput
554 1617 679 1706 populis
708 1629 738 1682 et
758 1619 861 1684 amica
879 1619 982 1684 ruinis

207 1722 360 1806 Brachia,
381 1741 484 1808 quem
499 1743 677 1808 numquam
697 1734 784 1787 recto
805 1722 1031 1789 moderamine
1051 1723 1186 1794 frenant.

212 1829 296 1896 Mox
316 1827 400 1893 cadit
419 1839 458 1916 et¹
471 1827 567 1910 cadit,
589 1836 622 1889 et
645 1847 774 1890 rursum
797 1825 896 1908 cadit,
917 1826 993 1892 inde
1012 1833 1159 1918 resurgit,

209 1936 252 2001 Et
273 1932 356 1999 cadit
374 1945 410 1997 ut
428 1929 555 1994 miseris
575 1926 761 2018 frangantur
782 1951 874 1995 cmra
895 1931 1033 1999 caballis.

211 2041 290 2105 Non
310 2037 369 2102 iste
388 2035 530 2100 humano
553 2033 674 2102 dicatur
693 2036 828 2101 nomine
847 2050 953 2122 natus,

209 2146 308 2211 Hune
327 2140 431 2230 potius
451 2138 632 2230 Gryphum
651 2141 824 2246 proprium
844 2156 938 2209 vocat
957 2143 1072 2213 Africa
1092 2145 1188 2215 circo.

632 2293 719 2362 330·
814 2340 817 2351 .

414 2375 472 2444 De
498 2375 603 2444 laude
621 2377 769 2466 aurigae
789 2377 943 2446 Prasiai.

210 2487 295 2552 Iecto
317 2482 394 2572 fiant
413 2482 549 2550 Prasino
568 2481 648 2549 felix
670 2483 778 2570 auriga
803 2485 930 2570 colore,

254 2591 441 2658 Priscorum
463 2612 615 2678 compar,
642 2615 692 2660 ars
713 2590 827 2680 'quibus
847 2589 916 2679 ipsa
937 2588 1006 2656 fuit.

214 2701 325 2763 Suetus
347 2717 444 2784 equos
464 2717 575 2784 regere
597 2708 627 2762 et
647 2708 745 2760 metas
767 2696 904 2762 lustrare
924 2696 1094 2786 quadrigis,

256 2803 298 2866 Et
318 2821 516 2888 quocumque
535 2799 617 2864 velis
640 2799 755 2890 ducere
782 2799 874 2866 frena
894 2823 1002 2866 manu.

131 2923 153 2985 5
214 2907 295 2973 Non
314 2905 360 2968 sic
381 2902 565 2969 Tantalides
585 2905 721 2971 humero
747 2917 805 2970 stat
823 2905 930 2969 victor
951 2905 1083 2987 eburno,

258 3011 335 3078 Una
353 3007 404 3073 illi
428 3009 535 3096 palma
556 3021 618 3094 est,
641 3021 674 3074 at
693 3007 753 3074 tibi
772 3008 873 3072 multa
892 3020 1010 3073 manet.

531 3228 534 3236 ,
643 3155 728 3228 340.

400 3242 557 3323 Iseum,
587 3245 648 3332 qui
666 3242 799 3331 foedos,
816 3239 965 3311 amabat.

220 3349 336 3438 Diligit
359 3346 518 3414 informes
546 3362 576 3414 et
603 3347 711 3416 foedas
734 3349 855 3436 Myrro
876 3347 1007 3436 puellas,

21 3413 25 3590 l
262 3453 349 3542 Quas
371 3454 461 3520 aliter
481 3454 617 3544 pulchro
638 3455 756 3521 viderit
776 3478 849 3538 ore,
869 3455 970 3519 timet.

23 3593 24 3596 ¹
217 3561 378 3629 Iudicium
400 3560 491 3644 quale
511 3571 557 3623 est
577 3561 763 3639 oculorum,
785 3559 923 3646 Myrro,
944 3555 1052 3640 fatere,

23 3605 26 3702 l
262 3669 310 3734 Ut
328 3665 388 3730 tibi
406 3679 475 3731 rton
494 3665 620 3752 pluaeat.
634 3664 782 3748 Pontica,
803 3661 858 3728 'sed
881 3664 1052 3728 Garamas!

25 3763 27 3848 i
137 3799 159 3858 5
221 3780 294 3843 lam
313 3785 422 3838 temen
442 3774 598 3855 agnosco,
626 3793 682 3836 cur
705 3771 780 3835 tales
803 3770 925 3859 quaeris
947 3769 1079 3835 amicas:

26 3849 28 3939 l
264 3877 403 3949 Pulchra
418 3874 477 3942 tibi
496 3897 692 3964 numquam,
720 3875 775 3941 sed
798 3875 876 3940 dare
894 3869 989 3938 foeda
1007 3885 1119 3962 potest.

651 4025 735 4097 341·

365 4111 423 4180 De
443 4113 556 4178 simiis
577 4134 702 4178 canum
723 4111 821 4177 dorso
848 4107 1018 4198 inpositis.

29 4145 36 4370 ι
223 4219 359 4289 Reddita
384 4229 456 4307 post
483 4217 618 4305 longum
638 4215 753 4302 Tyriis
782 4226 827 4279 est
853 4214 939 4278 mira
960 4213 1115 4297 voluptas,

268 4327 377 4414 Quem
398 4338 510 4418 pavet,
529 4337 563 4392 ut
583 4322 691 4390 sedeat
711 4320 805 4388 simia
825 4318 941 4386 blanda
962 4337 1084 4383 canem.
