3000 4820
237 407 383 482 Effuudit
397 409 556 495 tabulam,
576 421 743 491 menam,
762 409 926 500 oebaliis,
947 435 1100 502 pyrgum,

278 514 466 603 Perdileque
486 515 656 604 Harpieols
676 540 751 584 aare
771 517 856 606 rapit
875 519 1033 596 mentum

237 620 302 686 Hic
319 621 347 685 si
366 617 450 697 forte
468 643 568 689 unam
587 617 729 690 tabutem
747 642 817 690 non
836 635 923 704 arte,
943 625 999 690 sod
1017 645 1132 691 eunus

154 739 195 799 10
277 724 421 809 vicerit,
449 723 617 792 autetiam
637 724 686 792 nit
705 723 789 792 bene
810 727 903 794 dante
923 751 1040 812 manu,
1114 737 1117 744 ’

238 830 320 898 Mox
341 829 431 896 inssat
451 852 549 895 venas
571 840 599 893 et
619 829 737 918 pallida
757 843 880 918 guttura
899 835 1013 915 tendit,

277 935 416 1022 Plusque
435 933 514 1003 furit
532 934 665 1034 vincens
687 959 784 1026 quem
803 949 964 1030 superetus
986 947 1061 1010 crat.

236 1040 315 1104 Non
335 1039 403 1106 iam
422 1042 498 1110 huic
520 1039 634 1112 ludum
655 1042 841 1132 sapientum
853 1044 997 1128 salculus
1021 1054 1113 1132 aptet,
1158 1081 1162 1090 ‹

260 1400 315 1467 De
333 1413 493 1470 venatore
511 1403 625 1492 picto,
648 1405 685 1471 in
706 1404 865 1473 manibus
885 1397 1001 1469 oculos
1022 1403 1175 1471 habente.

237 1519 341 1582 Docta
362 1538 474 1582 manua
497 1519 600 1587 saevis
629 1520 751 1610 quoties
773 1541 808 1585 se
827 1519 971 1608 praebuit
992 1520 1085 1603 ursis,

281 1624 470 1710 Numquam
489 1623 653 1714 fallentem
672 1627 737 1690 tela'
759 1625 875 1689 dedere
892 1643 1021 1686 necem.

203 1783 208 1792 .
238 1728 326 1794 Hinc
347 1730 443 1794 etiem
465 1729 571 1814 digitis
593 1729 701 1793 oculos
727 1726 1004 1816 pictura'locavit,

280 1833 378 1922 Quod
398 1835 507 1900 visum
528 1832 643 1900 frontis
665 1831 803 1922 provida
823 1829 935 1896 dextra
954 1831 1035 1898 tulit.

666 1973 750 2054 3t6.

521 2089 650 2169 Aliter,
670 2088 762 2155 unde
773 2092 891 2178 supra.

241 2206 394 2272 Venatori
416 2206 523 2271 oculos
541 2203 689 2272 manibus
709 2203 831 2294 pictura
857 2204 991 2288 locavit,

280 2315 323 2380 Et
343 2310 511 2400 geminum
532 2310 657 2403 egregia
676 2311 788 2375 lumen
810 2311 848 2375 ab
870 2322 937 2375 arte
957 2303 1075 2377 manet.
1124 2383 1127 2394 ¹

238 2418 304 2484 Hie
324 2439 523 2506 quocumque
543 2410 642 2482 inodo
663 2415 819 2482 venabula
839 2412 960 2504 fulgida
985 2417 1108 2504 pressit,

283 2525 452 2612 Signatum
472 2522 571 2589 veluti
598 2520 729 2587 contulit
753 2520 926 2586 excidium.
971 2513 981 2579 ss

157 2645 177 2705 5
241 2634 380 2698 Naturae
399 2631 506 2694 lucem
528 2627 675 2694 vicerunt
699 2625 795 2692 fortia
814 2623 911 2713 facta,

280 2739 352 2802 Iam
373 2733 460 2801 visus
484 2731 635 2824 proprios
657 2729 762 2816 coepit
787 2730 905 2800 habere
924 2755 1047 2800 manus.
1117 2795 1121 2809 ,

666 2899 751 2974 347·

240 3012 284 3077 In
305 3009 467 3096 azarigam
494 3005 748 3096 ffminatnm,
774 3031 961 3096 numquam
980 3007 1178 3073 vincentem.

317 3123 486 3189 Praecedis
506 3122 598 3206 rico,
628 3142 688 3185 nec
707 3132 815 3187 tamen
836 3123 1009 3211 praeoedis,

118 3221 119 3228 ἵ
236 3309 244 3324 ι
318 3230 362 3298 Et
380 3250 477 3316 quam
498 3226 649 3292 debueras
670 3238 778 3294 tenere
799 3239 938 3316 partem,

318 3336 391 3402 Hac
410 3332 519 3398 mollis
540 3333 660 3398 misero
681 3331 798 3399 teneris
821 3355 888 3397 usu.

319 3442 486 3526 Umquam
506 3438 637 3504 vincere
656 3439 759 3528 possis
780 3451 815 3504 ut
836 3435 1007 3524 quadrigis,
1084 3449 1087 3457 '

320 3550 500 3634 Corruptor
521 3541 581 3608 tibi
600 3544 642 3610 sit
670 3558 757 3610 retro
779 3541 957 3634 ponendus.

664 3690 748 3765 348·

218 3805 275 3874 De
290 3802 530 3893 paranympho
551 3801 718 3882 delatore,
753 3801 814 3890 qui
835 3824 871 3866 ee
893 3801 976 3868 adt
973 3824 1023 3866 soc
1044 3799 1198 3891 officium

528 3887 682 3953 omnibus
703 3885 890 3976 ingerebat.

240 4005 380 4070 Hermes
402 4015 591 4068 cunctorum
611 4003 766 4068 thalamos
789 4016 819 4068 et
844 4012 923 4068 vota
942 4014 1099 4092 per·,e1rat

282 4108 454 4202 Omnibus
467 4131 504 4174 ao
529 4108 654 4193 sponsis
674 4095 841 4195 pronubus
863 4131 929 4174 esse
950 4111 1045 4198 cupit.

238 4214 336 4301 Hune
356 4214 522 4303 quisquam
543 4215 571 4280 si
587 4213 670 4280 forte
689 4213 769 4280 velit
789 4223 997 4282 contemnere
1017 4213 1119 4295 dives,

282 4319 367 4388 Mox
388 4320 454 4388 eius
475 4319 596 4388 famam
619 4321 704 4388 rodit
728 4319 837 4409 iniqua
855 4319 973 4390 ferens.
