2944 4836
758 211 809 294 86

686 307 892 323 -t———n-

303 423 329 480 7.
345 410 393 468 itte
410 427 425 464 c
440 409 567 480 Plinius]
585 407 678 460 Heius.
696 405 798 464 Schaes.
819 408 867 460 illa
884 405 1006 476 Plinius,
1029 407 1086 464 ille.
1112 413 1188 484 Quid
1211 416 1349 474 corones?

238 498 314 562 1471.
333 498 408 570 1478.
424 501 514 568 vulgo.

355 599 421 661 quot
442 584 576 656 Catanes]
599 587 619 640 i.
651 603 677 638 1.
707 580 808 639 Plinius
836 581 918 636 instar
943 593 983 636 ert
1004 585 1150 640 multorum
1173 592 1291 646 testium·
1315 623 1351 636 -

236 678 304 748 quid
323 681 450 731 Catonem
475 677 550 748 1476.
571 685 638 748 quot
666 683 787 754 cataras*
803 687 851 724 ms.
874 670 953 724 Leid.
979 673 1048 726 Cato
1072 674 1116 728 hic
1132 693 1183 746 pro
1200 691 1270 736 taeta
1288 701 1353 737 aar·

236 766 336 820 tissime
352 767 469 835 ponitur.

301 853 327 907 8.
346 855 357 908 i
373 853 455 923 nunc]
471 870 540 906 nunc
555 867 615 903 cnm
629 847 732 902 Plinius
747 865 864 902 amorum
880 849 916 901 sit
931 853 1206 925 suasor,re1inquera
1229 875 1277 910 eos
1295 875 1353 914 non

237 943 314 996 licet.
1098 983 1100 993 .

352 1028 476 1102 quisquis
491 1026 588 1097 amas]
605 1025 753 1080 Mediceus.
778 1026 905 1098 quiaquia
928 1029 1025 1100 sapias
1046 1047 1097 1084 1111.
1120 1032 1245 1094 Leidens,
1272 1035 1352 1109 1471.

239 1119 313 1188 1478.
331 1120 380 1190 qui
395 1119 490 1190 sapias
506 1117 597 1187 vulgo.

753 1263 836 1342 198·

304 1400 456 1456 anth.111.
478 1402 539 1458 151.
568 1400 613 1454 De
635 1395 751 1466 Sulpicia
769 1395 874 1465 poetria
897 1397 967 1451 dixit
992 1399 1188 1458 Wernsdoriius
1211 1406 1243 1459 P.
1261 1406 1294 1459 Ι..
1311 1407 1351 1460 M.

239 1487 275 1542 T.
292 1489 329 1542 11.
350 1507 378 1558 p.
396 1489 441 1544 52.
459 1489 598 1557 ediditque
613 1487 667 1540 hoc
684 1503 699 1538 e
717 1484 873 1538 carminibus
894 1483 951 1536 aius
974 1490 1109 1544 amatoriis
1133 1494 1306 1564 fragmentum
1324 1516 1353 1569 p.

239 1576 298 1631 155.
332 1577 411 1631 Extat
427 1577 456 1630 iu
472 1576 562 1630 Schol.
578 1575 708 1628 Iuvenalis
723 1583 772 1636 sat·
790 1572 841 1628 VI·
860 1573 921 1636 516.

307 1683 332 1720 1.
350 1666 402 1737 me]
420 1666 506 1719 omitt.
526 1666 555 1720 in
571 1685 620 1718 1111.
640 1665 745 1720 vallae.

357 1750 528 1822 destituram]
552 1753 688 1806 restitutis
710 1751 735 1823 f.
762 1752 917 1808 1111111110.
944 1750 1128 1807 comdentem
1158 1773 1208 1810 ms.
1244 1756 1355 1814 Valles⁰

132 1844 134 1848 ’
239 1845 364 1898 cadurcis
388 1845 455 1896 dest.
473 1843 504 1915 f.
522 1845 639 1914 explicat
655 1842 770 1912 Ruperti
793 1840 827 1893 ad
851 1839 943 1896 Iuven.
966 1841 1020 1894 loc.
1038 1843 1062 1896 Ι.
1083 1845 1191 1900 rametis
1214 1831 1356 1914 stragulis.

239 1936 324 1988 Nemo
356 1932 440 1997 dicat,
470 1933 567 1986 nudam
598 1951 640 1987 me
672 1940 746 1985 extra
770 1933 870 1984 lectum
899 1929 984 1996 (lecto
1009 1950 1061 1984 non
1083 1931 1214 2001 inposito)
1250 1935 1358 1988 Caleno

239 2024 301 2092 (civi
319 2022 409 2075 Calem
421 2021 565 2090 municipii)
583 2021 764 2075 concubuisse.
798 2019 876 2072 Falco
891 2020 986 2074 recab.
1001 2022 1148 2075 cadurcum
1165 2021 1357 2090 interpretatus

240 2121 281 2164 est
302 2110 450 2163 scholiasta.
491 2109 578 2164 Aliter
605 2109 747 2162 Salmasius
768 2107 797 2162 in
815 2107 947 2162 Exercitt.
965 2107 1035 2160 Plin.
1060 2126 1086 2176 p.
1109 2107 1184 2174 aaa,
1208 2112 1254 2178 qui
1279 2113 1356 2166 dicit:

241 2200 374 2251 cadurcae
386 2196 498 2268 fasciae
514 2215 567 2250 non
583 2197 690 2250 institae
707 2204 776 2266 sunt,
794 2197 889 2266 quibus
904 2197 991 2249 lectus
1007 2197 1168 2266 intenditur,
1191 2199 1239 2252 sed
1262 2203 1356 2256 fmciae

240 2286 332 2358 lineae,
348 2287 442 2356 quibus
458 2286 515 2355 ipsa
532 2285 648 2356 Sulpicia
665 2283 811 2338 relabatur.

758 2435 843 2513 199·

256 2593 258 2602 ι
312 2569 393 2622 Anah.
410 2565 444 2618 11.
463 2565 506 2635 94.
523 2562 604 2617 Extat
620 2564 648 2615 in
665 2563 756 2618 Schol.
774 2564 904 2619 Iuvenalis
926 2563 975 2620 IV.
998 2569 1042 2624 58·
1082 2571 1246 2626 Ultimum
1268 2575 1356 2639 (lla-

245 2659 363 2726 eicrum)
382 2655 450 2708 dicit
464 2655 663 2720 Domitianum,
682 2656 748 2726 quia
765 2654 794 2706 in
810 2653 859 2706 illc
876 2657 1021 2709 Caesarum
1039 2660 1115 2732 origo
1134 2661 1239 2731 defecit,
1255 2673 1358 2717 etcum

245 2747 429 2816 Vespasianus
445 2752 473 2794 et
491 2742 571 2794 litus
594 2751 622 2794 et
637 2744 815 2796 Domitianus
830 2742 932 2794 Flavia
956 2759 990 2795 en
1009 2756 1091 2818 gente
1106 2747 1234 2819 fuerint,
1256 2754 1358 2806 Domi.

244 2837 338 2888 tianus
355 2831 468 2884 ultimus
485 2829 595 2882 illarum
621 2837 649 2882 et
666 2829 864 2883 dissimillimus
889 2830 1045 2900 imperavit.
1079 2838 1207 2890 Meminit
1229 2841 1358 2896 111071-

243 2923 327 2976 lerius
345 2919 490 2976 Martialis
515 2919 544 2970 in
569 2920 772 2990 epigrammate.
801 2921 845 2972 iris
866 2938 930 2972 rere
953 2920 1007 2973 sili
1026 2922 1099 2990 finit
1117 2935 1168 2979 etc.
1202 2925 1280 2979 Patet
1296 2931 1358 2998 epi-

139 3007 147 3026 ‘
243 3010 387 3078 grammatic
403 3008 480 3060 finem
496 3014 597 3058 tantum
614 3026 628 3059 a
645 3007 784 3060 scholiasta
800 3007 910 3072 laudari,
928 3025 977 3060 nec
992 3009 1063 3062 inter
1079 3024 1167 3068 cetera
1184 3015 1309 3068 Martialis
1327 3019 1361 3071 iu

244 3101 358 3167 legitur,
382 3096 431 3149 sed
448 3098 475 3147 in
491 3095 588 3147 librum
606 3095 838 3164 Spectaculorum,
863 3095 908 3165 qui
930 3099 1085 3166 farraginem
1103 3103 1314 3172 epigrammatum
1332 3108 1362 3160 in

245 3188 379 3240 codicibus
402 3183 528 3236 Martialis
551 3185 776 3255 praestantissimis
798 3201 851 3236 non
877 3186 1019 3238 extantium
1040 3191 1171 3257 continet,
1201 3209 1364 3265 receperunt

246 3278 371 3328 editores.
406 3274 482 3326 Ianus
507 3270 601 3322 Doara
629 3282 656 3322 et
678 3273 839 3326 Burmannus
862 3282 972 3340 patruus
989 3273 1121 3344 Sulpiciae
1144 3281 1306 3348 tribuerunt,
1332 3295 1366 3336 et

246 3361 410 3416 Wernsdorf.
441 3374 546 3426 quoque
571 3377 629 3410 cum
653 3361 800 3430 fragmentis
819 3359 950 3430 Sulpiciae
968 3361 1003 3414 Τ.
1021 3363 1056 3415 ΙΙ.
1079 3381 1106 3433 p.
1128 3367 1184 3418 155.
1208 3368 1303 3420 edidit.
1324 3399 1367 3414 ι-

245 3449 329 3500 Poeta
352 3445 431 3511 dicit,
453 3445 629 3499 Domitianum
653 3458 737 3501 totam
753 3450 904 3504 Flaviorum
921 3449 1096 3504 hereditatem
1119 3454 1274 3522 abstulisse,
1298 3460 1365 3525 quia

246 3535 330 3588 omnia
352 3533 420 3586 bona
441 3533 558 3604 priorum
574 3534 742 3606 Flauiorum,
758 3534 913 3606 Vespasiani
928 3554 959 3588 ac
976 3537 1048 3609 Titi,
1069 3540 1141 3593 malis
1162 3542 1216 3593 suis
1240 3547 1365 3600 moribus

248 3623 393 3676 deleverat.

760 3757 847 3828 200.

314 3889 394 3943 Edidi
411 3892 463 3945 hoc
479 3889 608 3944 Martialis
625 3889 797 3960 epigramma,
820 3889 893 3960 qnod
910 3892 937 3945 in
953 3893 1024 3948 nulla
1041 3895 1129 3950 adhuc
1147 3899 1265 3952 editione
1289 3893 1365 3968 legi-

248 3985 299 4046 tur,
317 3996 351 4032 ex
368 3983 492 4049 operibus
509 3970 638 4052 Lessing‘ii
656 3979 691 4032 Τ.
709 3981 733 4033 Ι.
749 3997 777 4050 p·
796 3995 856 4034 aar.

762 4133 847 4208 201·

318 4255 399 4308 Anth.
416 4257 463 4310 111.
492 4255 541 4310 16.'
565 4259 649 4314 Libro
672 4267 882 4330 spectaculorum
906 4263 1035 4318 Martialis
1057 4266 1183 4322 insertum
1208 4279 1247 4322 est
1263 4268 1301 4321 Ν.
1321 4287 1369 4343 ²9·

251 4338 281 4391 In
297 4359 346 4393 ms.
365 4343 458 4414 Scalig.
476 4346 627 4400 inscribitur
643 4351 788 4419 Martialis
805 4353 837 4406 de
852 4355 951 4411 Prisco
968 4365 996 4406 et
1014 4355 1094 4408 Vera.
