3000 4820
618 243 822 346 ...att-

248 428 423 516 Regnantis
442 427 589 516 Libyae:
625 441 692 496 toto
712 431 770 496 sed
792 428 910 497 clarior
932 429 1027 512 orbe,

249 533 312 600 Sed
334 532 475 600 radiante
494 532 619 600 minans
648 535 768 602 cunctis
788 534 1006 624 supereminet
1027 533 1128 600 astris.

164 654 186 716 5
249 641 288 706 In
309 663 372 728 quo
394 638 589 704 concordant
609 639 706 728 pietas
728 638 897 728 prudentia
917 663 1026 706 mores

193 777 199 790 ·
247 741 360 811 Virtus
380 741 490 812 forma
509 743 604 810 decus
625 745 752 812 animus
771 767 943 832 sensusque
963 745 1071 812 virilis

247 848 426 938 Invigilans
448 849 576 936 animo,
596 850 682 917 solus
702 873 799 940 snper
820 849 932 916 omnia
949 873 1071 920 sensus.

248 953 314 1023 Sed
335 956 412 1045 qnid
435 956 530 1046 plura
549 958 688 1023 moror?
720 955 776 1022 vel
797 978 860 1044 quo
879 979 934 1022 rue
959 958 1000 1024 ad
1020 957 1116 1029 devia
1136 957 1277 1028 ducam?

249 1062 344 1128 solus
364 1060 477 1145 habet,
497 1071 564 1128 toto
586 1061 739 1150 quidquid
761 1060 943 1152 praefertur
962 1063 998 1130 in
1023 1064 1113 1130 orbe.

166 1183 207 1244 10
249 1167 380 1236 Parthia
402 1166 489 1256 qnod
509 1167 612 1235 radiat
633 1169 824 1235 sublimibus
848 1167 948 1236 ardua
967 1173 1126 1257 gemmis,

249 1271 361 1362 Lydia
381 1272 503 1340 Pactoli
524 1274 634 1340 rutilas
655 1275 740 1362 quod
761 1275 861 1342 sulem
881 1299 1012 1362 arenas,

251 1379 385 1446 Vellera
405 1379 490 1468 quod
513 1380 606 1446 Seres
631 1380 758 1470 tingunt
781 1381 901 1448 variata
923 1383 1049 1468 colore,

248 1485 453 1574 Regnantum
474 1485 598 1552 meritis
619 1487 757 1576 pretiosa
778 1488 923 1576 praemia
945 1489 1073 1570 dantes,

249 1591 412 1680 Tegmine
432 1589 519 1680 quod
542 1588 665 1678 fulgent
685 1590 823 1656 admisto
844 1591 978 1674 murice,
999 1605 1116 1676 vestes,

166 1709 209 1775 15
250 1697 368 1768 Africa
389 1697 476 1786 quod
497 1694 604 1761 fundit
623 1694 744 1760 finctus
765 1696 960 1785 splendentis
982 1697 1085 1780 olivi,

249 1806 293 1873 Et
312 1805 342 1872 si
363 1803 440 1893 quid
460 1802 552 1867 tellus
574 1799 676 1886 gignit
702 1800 827 1866 laudata
848 1823 907 1889 per
929 1800 1061 1866 orbem:

249 1912 291 1978 In
311 1908 419 1996 regnis
443 1929 561 1973 venere
580 1903 657 1986 tuis,
687 1902 738 1968 cui
758 1904 922 1970 maximus
943 1919 1053 1973 auctor
1115 1971 1117 1980 .

250 2015 410 2097 Contulit,
431 2024 463 2078 et
481 2011 543 2076 soli
562 2007 675 2075 tribuit
693 2006 772 2074 haec
793 2023 903 2076 cuncta
921 2011 1031 2099 potiri.

250 2123 303 2188 Te
323 2127 475 2206 regnante
498 2114 552 2182 diu
580 2113 703 2203 fulgent
724 2115 925 2203 Carthaginis
948 2141 1046 2183 arces.

166 2241 211 2305 20
251 2225 335 2294 Filia
359 2245 455 2311 quam
477 2221 617 2310 sequitur
638 2217 773 2286 Alianas
796 2220 911 2310 inpare
931 2245 1057 2309 gressu,

249 2333 323 2402 Neo
342 2329 462 2396 merito
483 2349 544 2395 nec
563 2329 688 2392 honore
710 2326 839 2411 minor,
866 2328 918 2394 oui
939 2329 1099 2418 plurimus
1121 2330 1236 2396 ardens

252 2435 427 2523 Regnantis
447 2435 586 2502 increvit
607 2459 720 2516 amor,
739 2457 836 2522 quam
856 2455 986 2521 surgere
1007 2432 1099 2514 fecit,

252 2538 449 2630 Dilectisqne
468 2541 549 2608 locis
571 2542 691 2607 claram
713 2541 866 2608 vitalibus
887 2541 992 2626 auris,

254 2647 346 2734 Quae
366 2647 485 2714 meruit
506 2647 628 2714 celsum
649 2650 774 2716 meritis
795 2647 931 2715 sufferre
951 2647 1100 2738 regentis.

167 2766 212 2836 25
254 2753 346 2820 Hinc
369 2751 451 2820 freta
474 2778 661 2821 marmoreo
691 2767 843 2821 resonant
862 2753 923 2819 sub
944 2755 1068 2842 gurgite
1090 2752 1199 2841 ponti,

252 2859 342 2926 Hine
361 2856 484 2923 telluris
505 2882 581 2948 opes
602 2859 758 2926 viridanti
787 2861 905 2927 cortioe
927 2871 1076 2948 surgunt,

253 2958 301 3027 Ut
320 2963 420 3028 maris
443 2975 472 3028 et
493 2977 597 3029 terrae
619 2963 769 3029 domiuus
789 2967 962 3055 splendore
984 2963 1120 3029 fruatur.

253 3067 345 3134 Nam
366 3067 525 3153 Onthago
553 3089 645 3132 suam
665 3072 779 3135 retinet
805 3090 864 3158 per
886 3070 1029 3135 eulmina
1056 3066 1201 3147 laudem,

255 3171 415 3260 Carthago
436 3171 471 3236 in
491 3193 604 3258 regem
625 3171 761 3256 victrix,
791 3173 952 3260 Carthago
979 3165 1172 3260 triumphat,

170 3291 214 3356 30
260 3277 419 3366 Carthago
432 3275 605 3366 Asdingis,
627 3275 767 3364 genitrix
787 3277 948 3364 Carthago
971 3288 1122 3359 coruscat,

255 3383 431 3470 Carthago,
463 3370 621 3452 excellens
641 3383 786 3472 Libycas
805 3383 964 3470 Carthago
985 3406 1044 3473 per
1065 3405 1158 3464 oras,

256 3490 417 3577 Carthago
437 3489 566 3575 studiis,
586 3491 746 3580 Carthago
770 3501 880 3557 ornata
901 3487 1080 3576 magistris,

257 3595 415 3683 Carthago
437 3599 566 3687 populis
587 3599 706 3688 pollet,
727 3597 886 3683 Carthago
907 3592 1060 3680 refulget,

258 3700 416 3786 Gartlrago
441 3703 477 3767 in
499 3703 667 3790 domibus,
691 3703 850 3791 Carthago
871 3701 908 3767 in
929 3699 1099 3764 moenibus
1120 3701 1244 3791 ampla,

174 3817 217 3882 35
259 3803 419 3891 Carthago
440 3819 473 3873 et
494 3809 611 3893 dulcis,
639 3811 798 3896 Carthago
819 3820 850 3875 et
869 3817 996 3874 nectare
1016 3804 1141 3890 suavis,
1245 3883 1248 3892 Α

260 3909 419 3998 Carthago
439 3913 554 3998 flores,
574 3913 815 3982 Thrasamundi
833 3912 970 3979 nomine
989 3933 1125 3998 regnas,

260 4015 358 4082 Cuius
379 4029 410 4082 et
436 4017 614 4108 imperium
634 4033 762 4088 maneat
782 4042 840 4108 per
859 4016 983 4083 saecula
1009 4015 1103 4082 felix.
1142 4001 1146 4012 Χ

260 4126 420 4216 Optamus
441 4124 577 4192 domino
604 4127 722 4192 multos
744 4124 905 4190 celebrare
923 4145 982 4210 per
1002 4145 1104 4186 annos

263 4231 401 4317 Annua,
426 4231 505 4296 dum
525 4230 641 4320 repetit
662 4228 815 4316 fulgentia
835 4229 948 4317 gaudia
970 4225 1073 4315 regni.
