3000 4820
601 269 800 374 ,ns-

240 455 306 520 Hic
325 456 435 542 ingens
456 467 625 541 utcumque
643 455 721 521 libet
741 456 796 521 vel
817 453 950 543 desuper
970 457 1056 542 ignes
1104 435 1107 442 ¹
1162 439 1165 448 ’

241 559 412 646 sparserit,
434 558 564 646 obliquo
584 560 639 624 vel
660 581 735 624 cum
754 557 927 625 radiaverit
948 583 1016 644 axe,
1088 565 1090 572 ’

240 663 278 728 ln
298 673 417 729 terram
436 661 518 730 radii
539 662 741 752 franguntur.
783 665 894 730 Cetera
914 653 999 728 solis*
1102 657 1105 672 ¹

239 765 397 851 Lumina,
418 791 478 855 qua
498 768 604 834 maior
623 769 732 834 iaculis
751 768 944 836 radiantibus
964 769 1039 849 exit,

157 877 200 938 40
241 870 301 935 Nil
322 871 463 938 obstante
484 872 579 959 globo
598 874 729 942 tendunt
746 897 805 963 per
824 871 930 937 inania
951 886 1047 956 vasta,

241 975 355 1040 Donec
374 975 559 1063 Pyramidis
580 994 707 1067 peragat
727 981 811 1046 victa
833 977 947 1044 umbra
969 999 1131 1052 cacumen.

240 1077 303 1144 Per
322 1101 418 1166 quam
437 1102 512 1145 cum
532 1082 660 1149 Phoebe
678 1085 797 1171 gelidos
819 1083 882 1172 agit
901 1081 962 1147 uda
985 1082 1111 1170 iugales,

241 1180 358 1264 Infima
375 1183 491 1248 vicinis
514 1209 758 1276 nonnumquam
779 1190 907 1254 decolor
929 1188 1052 1254 umbris

242 1287 353 1352 Fratre
371 1300 468 1372 caret,
489 1311 650 1378 vacuoque
670 1293 823 1380 exanguis
846 1291 951 1358 deficit
972 1317 1037 1361 ore.

160 1397 203 1462 45
246 1393 313 1456 Cur
333 1404 436 1458 autem
456 1396 522 1460 sola
543 1397 696 1484 spolietur
715 1398 838 1464 lumine
857 1397 945 1479 luna,

244 1495 303 1560 Nil
323 1519 402 1562 vero
422 1501 546 1566 mirum
565 1514 625 1586 est,
659 1503 776 1590 quippe
795 1503 885 1567 illam
905 1502 983 1567 lucie
1004 1502 1147 1589 egentem

245 1601 322 1666 Lux
341 1603 443 1669 aliena
466 1603 570 1689 fovet,
600 1629 695 1692 quam
717 1629 791 1670 cum
810 1625 883 1692 pars
902 1607 1055 1692 proxima
1075 1614 1176 1674 metae

244 1705 387 1791 Invidet,
408 1721 556 1797 expectat
575 1711 681 1798 radios
703 1711 787 1773 mele
808 1710 930 1772 caerula
951 1703 1068 1775 fratris.

246 1809 293 1876 At
312 1812 426 1876 chorus
449 1825 607 1878 astrorum
627 1813 766 1900 reliquus
786 1834 850 1876 non
871 1805 1007 1899 tangitur
1026 1815 1163 1900 umbris,

165 1926 207 1985 50
248 1917 290 1981 Et
309 1915 479 2004 proprium
502 1919 621 1980 cunctis
642 1915 734 1980 iubar
755 1927 815 1998 est,
836 1911 895 1980 ne'c
915 1915 982 1981 sole
1001 1911 1178 1986 rubescunt.
1225 1911 1229 1920 ’

250 2020 313 2084 Sed
332 2019 448 2083 sudum
468 2042 595 2107 semper
616 2021 746 2106 mittunt
767 2043 784 2085 a
805 2043 939 2108 corpore
958 2022 1061 2086 solem

249 2125 352 2188 Porro
372 2124 453 2187 ultra
472 2125 574 2188 solem
595 2124 718 2214 rapitur
743 2148 817 2189 cum
838 2125 959 2190 vertice
979 2125 1070 2194 coeli.
1157 2181 1159 2184 .

250 2229 320 2292 Iam
341 2249 397 2294 cur
416 2229 584 2294 semenstri
604 2253 672 2294 non
692 2253 819 2320 semper
840 2230 951 2317 palleat
973 2230 1061 2314 orbe,
1151 2217 1154 2222 ⁵

221 2393 222 2398 ,
249 2332 364 2398 Inllexi
383 2346 540 2420 praestant
560 2334 689 2421 obliquo
710 2333 840 2400 tramite
861 2355 983 2398 cursus.

168 2451 210 2513 55
251 2439 399 2524 Namque
419 2460 537 2526 vagans
559 2461 669 2506 errore
688 2453 757 2526 rato
779 2461 852 2504 curn
873 2439 967 2505 devia
985 2445 1083 2509 tortos
1146 2517 1149 2524 ,

251 2543 381 2629 Colligit
399 2543 573 2627 subactus,
602 2558 723 2613 metam
745 2548 795 2611 sol
816 2545 938 2611 eminus
960 2547 1034 2631 exit,

249 2650 471 2736 Intorquetque
490 2652 621 2738 peplum
641 2650 740 2718 noctis
761 2649 925 2736 radiatque
949 2673 1106 2717 sororem.

253 2755 341 2816 Haeo
361 2753 472 2818 eadem
491 2754 572 2817 ratio
593 2766 654 2838 est,
675 2754 784 2820 subitis
806 2777 861 2818 cur
882 2751 1041 2839 frangitur
1061 2758 1183 2822 umbris

256 2856 391 2942 Augusti
411 2856 487 2919 solis
506 2857 640 2922 rutilum
659 2858 764 2941 iubar,
784 2857 893 2944 indiga
913 2847 994 2924 lucis

172 2973 214 3036 60
255 2960 392 3043 Quando
417 2959 499 3024 inter
523 2972 642 3046 terrem
661 2965 694 3027 et
721 2964 823 3026 solem
846 2975 915 3026 rota
937 2963 1079 3048 corporis
1101 2963 1204 3028 almae

256 3069 350 3150 Luna
369 3075 468 3145 meat,
489 3061 621 3128 fratrem
641 3063 735 3127 rectis
756 3063 926 3130 obiectibus
949 3083 1070 3130 arcens.

594 3241 597 3248 ’
639 3237 653 3256 ”
692 3241 774 3318 389·
843 3243 845 3250 ’

670 3357 787 3424 Badne

566 3449 719 3543 compositio
737 3459 876 3544 horologii.

261 3595 349 3678 Quos
373 3615 479 3681 cursus
498 3593 573 3658 solis
593 3587 801 3680 iungant'sua
818 3577 1116 3682 temporeumense's,
1165 3583 1170 3596 ’

259 3697 533 3793 Carminenunc,
554 3697 668 3782 lector,
692 3687 820 3788 paucis,
841 3701 987 3781 adverte,
1010 3691 1160 3762 docebo'

259 3804 354 3882 Ianua
375 3825 462 3868 nunc
482 3805 556 3870 an'ni
577 3817 622 3870 est
642 3799 734 3872 Ianus
763 3803 897 3890 finisque
917 3799 1112 3870 December:
1137 3824 1140 3837 ¹
1233 3804 1235 3810 '

262 3909 331 3972 Hos
350 3929 474 3972 menses
494 3908 620 3995 paribus
640 3908 715 3974 solis
737 3893 822 3991 rotat
840 3904 944 3971 orbita
963 3905 1097 3995 punctis.
1124 3943 1127 3952 ·

178 4025 199 4086 5
262 4010 643 4104 QuaevolvitFebruuuu
659 3993 1273 4104 undecirnumregitipiaNore'mbrem.

260 4116 398 4181 Martius
421 4115 595 4181 Octobrem
620 4113 898 4206 spatioconnectit
919 4115 1043 4181 eodeni.
1163 4103 1167 4110 ¹

262 4221 370 4298 Tum,
400 4219 602 4309 Septembre,
632 4217 690 4283 tibi
716 4220 751 4284 in
771 4219 936 4308 sphaeram
959 4218 1120 4285 concurrit
1141 4214 1276 4306 Aprilis.

270 4321 449 4415 Augustum
471 4323 575 4390 Maius
598 4335 705 4389 centro
727 4335 902 4416 prospectat
923 4323 961 4390 ab
983 4322 1064 4409 ipso.
