2944 4836
775 199 848 280 106

439 397 496 461 'sit
511 405 622 478 platano
641 397 718 464 viridi
737 397 863 457 mundat
883 418 989 454 mmnus
1006 399 1035 456 iu
1056 403 1162 462 eremi,

260 507 327 560 Nam
344 507 492 560 iucundore
505 505 652 559 Lactantius
669 505 765 573 aliique
781 502 844 554 sacri
861 500 1014 570 scriptores,
1032 504 1128 571 quibus
1139 505 1280 562 Pentadius
1299 527 1376 578 quo-

261 612 313 664 qne
331 594 494 647 adnumerari
511 595 605 662 debet,
622 597 777 663 frequenter
789 599 905 660 ponunt,
925 599 996 644 teste
1012 589 1181 648 Bttnemanno
1200 597 1236 650 sd
1249 597 1373 654 Lactant.

259 683 308 739 lv·
328 683 355 736 ⁶.
394 768 513 839 somnus]
529 770 686 824 summimus
702 767 774 826 Tire.

330 877 374 916 πο.
392 860 493 928 viridi]
511 861 566 913 viri
582 857 657 910 Thu.

330 967 373 1003 αι.
385 947 443 1018 filo
458 949 589 1000 recurrite
598 945 691 1018 fusis]
715 945 735 998 i.
752 959 778 996 e.
796 942 837 995 sic
850 955 993 1014 properent
1009 948 1075 1015 anni,
1090 953 1127 1002 ω’
1138 947 1231 1019 nrilgen
1247 951 1290 1004 die
1309 953 1374 1006 Fa-

261 1043 313 1094 deu
337 1040 385 1091 des
406 1037 512 1090 chens
537 1037 586 1090 der
606 1035 718 1107 Spindel
734 1030 867 1096 enteilcut
890 1053 1026 1089 recurrere
1048 1046 1079 1088 ut
1104 1055 1147 1108 ap.
1165 1037 1258 1093 norst.
1284 1043 1371 1110 epist.

259 1129 294 1182 11.
314 1144 331 1178 ι·
354 1128 382 1180 ι4
404 1162 412 1178 .

324 1143 492 1292 basimque
511 1227 719 1275 recurrentes
738 1227 848 1291 accepta
863 1234 913 1289 par
932 1237 1016 1274 arum
1035 1223 1115 1276 Lusit
1134 1223 1288 1278 amabsb'ter.

256 1322 336 1395 susis
352 1331 393 1376 est
408 1339 458 1392 pro
475 1321 509 1374 de
521 1320 599 1388 fluis,
622 1326 653 1372 ut
668 1334 710 1388 ap.
728 1313 803 1386 virg.
829 1314 900 1370 Geo.
923 1315 972 1374 1v.
989 1319 1050 1374 stu.
1067 1322 1150 1375 Facis
1168 1323 1263 1377 mollia
1277 1341 1370 1394 penso

261 1411 416 1465 walveni.

769 1551 854 1630 253.

327 1697 408 1750 Anth.
425 1695 461 1750 11.
483 1694 542 1766 ²⁵7·
577 1693 661 1750 Vetus
684 1701 725 1748 est
750 1693 886 1764 insciptio
907 1697 1083 1770 Epigramma
1107 1700 1141 1752 da
1158 1700 1321 1770 pastoribus
1351 1721 1372 1754 a

259 1787 360 1840 Citaria
381 1787 492 1838 Sidonio
514 1794 621 1838 oratore
637 1782 760 1855 sactum.
803 1783 931 1838 Citerium
953 1786 1089 1840 Sidonium
1105 1790 1224 1841 eumdem
1250 1807 1309 1842 esse
1338 1810 1372 1842 nc

260 1875 386 1928 Citerium
402 1874 517 1928 Siculum
534 1873 729 1945 Syracusanum,
745 1874 940 1941 grammaticum
956 1875 1184 1944 Burdigalensem,
1200 1894 1276 1944 quem
1292 1879 1373 1929 inter

257 1964 424 2016 Professores
443 1965 560 2017 nominat
580 1964 712 2023 Ausonius
735 1963 818 2031 epigr.
837 1965 913 2016 XllI.
936 1965 1092 2016 adnotarunt
1108 1963 1232 2030 Vinetus,
1258 1964 1370 2032 scalig„

258 2052 365 2122 Burm,
392 2051 517 2106 Wernsd.
534 2053 561 2106 in
577 2053 655 2107 Poet.
673 2053 709 2106 T.
727 2052 752 2107 l.
769 2071 795 2122 p.
813 2055 873 2124 574.
908 2052 963 2105 Sed
980 2051 1156 2106 Tomemunua
1177 2053 1206 2104 in
1228 2053 1368 2121 Inscriptt.

258 2139 364 2194 Siciliae
381 2140 500 2194 Panormi
521 2142 593 2210 1784.
610 2160 638 2213 p.
656 2142 716 2198 sos.
732 2143 886 2210 epigramma
898 2149 1046 2211 suspectum
1063 2151 1091 2194 ot
1108 2123 1201 2194 recens
1215 2157 1271 2194 esse
1289 2141 1368 2194 dicit.

328 2245 351 2282 1.
373 2230 472 2301 Tbean]
492 2233 562 2284 Tbeo
581 2249 630 2284 ms.
647 2230 727 2284 Voss.
796 2255 799 2260 ·

285 2317 290 2332 ⁸
373 2318 472 2386 manre]
490 2321 557 2373 colle
572 2339 620 2373 urs.
638 2319 718 2373 Voss.
736 2335 762 2370 2.

324 2423 350 2460 a·
369 2404 481 2474 Sabino]
497 2407 601 2461 Sabina
615 2425 664 2460 ms.
682 2405 760 2460 Voss.
778 2416 808 2460 ut
823 2423 850 2461 ν.
867 2399 894 2462 b.
913 2407 1013 2463 Sabine
1029 2425 1077 2460 ms.
1096 2399 1174 2466 Voss.
1193 2415 1222 2462 2.‘

323 2517 351 2570 3.
366 2518 423 2570 vite
440 2515 549 2584 Sabine]
571 2534 675 2570 versum
696 2517 812 2588 spurium
834 2519 957 2571 censebat
979 2518 1154 2585 Schraderus,
1177 2517 1236 2588 qnia
1260 2517 1367 2572 Sabine

260 2625 319 2660 casu
342 2609 432 2677 quinto
453 2607 621 2659 interseritur
643 2607 712 2658 inter
726 2608 825 2678 Almo,
852 2610 940 2662 Tbacu
959 2616 987 2658 et
1004 2620 1098 2679 egerat
1115 2607 1162 2677 (Er
1178 2605 1249 2658 Add.
1266 2605 1299 2656 Β.
1320 2605 1363 2658 Τ.

256 2696 292 2748 ll.
309 2715 337 2766 p.
356 2696 438 2766 729.).
473 2695 601 2748 Defendit
616 2695 756 2748 verborum
771 2698 900 2750 rationem
917 2694 1042 2751 Werusd.

324 2783 350 2838 6.
366 2777 491 2852 melodei]
506 2802 553 2837 ms·
572 2783 651 2841 Voss.
668 2787 778 2840 melodis
794 2806 841 2840 ms.
858 2784 937 2840 Voss.
956 2803 989 2844 2.
1002 2785 1121 2838 melodus
1137 2785 1228 2854 vulgo.

764 2951 848 3030 254.

324 3092 404 3149 Anth.
421 3091 455 3144 lI.
476 3091 534 3162 175.
557 3095 600 3145 De
617 3092 740 3163 operibus
758 3091 880 3164 Virgilii.
896 3091 1009 3144 Incerti.
1020 3092 1102 3159 vulgo
1113 3090 1273 3143 inscribitur.
1292 3087 1365 3138 Bar-

256 3183 326 3236 tbius
342 3182 412 3236 Adr.
428 3179 506 3232 XIX.
524 3181 566 3233 24.
584 3198 618 3234 ex
635 3199 682 3232 ms.
700 3182 808 3235 Alcime
825 3181 870 3232 vel
885 3181 1001 3235 Alcinoo
1017 3182 1120 3233 tribuit.
1158 3179 1213 3231 Sed
1230 3176 1365 3241 coniunxi,

256 3270 393 3324 consilium
416 3267 589 3322 Werusdorlii
611 3281 714 3322 secutus
736 3269 765 3322 iu
787 3269 865 3321 Post.
890 3267 924 3320 L.
940 3269 1007 3321 Min.
1026 3270 1062 3322 Τ.
1080 3269 1141 3322 Vll.
1158 3287 1186 3336 p.
1205 3282 1265 3332 22.,
1281 3265 1365 3332 plura

255 3361 446 3428 epigrammata,
464 3373 528 3425 quae
545 3357 649 3408 inlmss.
668 3361 761 3429 partim
778 3357 894 3422 Alcime,
911 3357 1005 3425 purtim
1021 3357 1118 3423 Avito,
1135 3355 1229 3425 partim
1244 3352 1362 3404 Alcinoo

254 3445 442 3510 inscribuntur,
460 3455 530 3498 ratus
546 3447 668 3498 Latinum
684 3446 814 3498 Alcimum
829 3445 966 3497 Alethium
983 3447 1092 3499 indicari
1099 3483 1108 3509 ,
1125 3446 1170 3514 qui
1190 3446 1222 3497 ab
1240 3441 1363 3494 Ausonio

255 3535 323 3585 iuter
339 3534 502 3587 Professores
518 3555 541 3588 c.
561 3553 585 3586 α.
601 3536 731 3588 laudatur.
765 3534 884 3585 Aetatem
908 3533 964 3586 eius
988 3535 1079 3586 statuit
1095 3534 1287 3602 Hieronymus,
1314 3529 1364 3597 qui

254 3623 281 3674 in
299 3621 434 3674 chronicis
452 3624 486 3674 ad
502 3643 526 3675 u.
545 3623 577 3678 C.
595 3623 657 3676 360.
676 3621 779 3676 scribit:
803 3621 927 3676 Alcimus
944 3635 971 3675 et
986 3621 1150 3692 Delphidius
1172 3622 1305 3674 Rbetcras
1331 3619 1362 3669 in

253 3711 409 3779 Aquitania
425 3712 619 3780 florentissime
642 3714 747 3765 darant.
782 3711 904 3780 Quatuor
928 3715 1024 3765 formae
1049 3711 1166 3762 ciusdem
1192 3707 1303 3762 nominis
1331 3705 1375 3764 int

254 3817 313 3850 mss.
333 3806 420 3851 extant
435 3801 573 3866 Alcimus,
596 3801 739 3868 Alcinius,
762 3802 893 3867 Alcinus,
917 3802 1062 3866 Alcinous,
1081 3817 1146 3868 quae
1163 3798 1274 3850 varietas
1294 3791 1363 3847 alibi

254 3904 360 3957 qnoque
385 3888 522 3940 observate
545 3898 594 3940 est.
616 3888 693 3952 ,Vid.
717 3889 868 3941 Ruhnkenii
891 3887 961 3941 Hist.
982 3889 1067 3940 Orstt.
1094 3906 1121 3955 p.
1137 3885 1215 3938 XLlI
1230 3903 1270 3953 sq.
1306 3883 1361 3935 Di-

253 3994 342 4028 versus
358 3975 390 4026 cb
407 3975 460 4026 boc
477 3986 556 4042 poeta
573 3986 614 4029 est
630 3976 746 4032 Alcimus
761 3978 870 4042 Avitus,
887 3978 1024 4047 episcopus
1040 3975 1209 4041 Viennensis,
1227 3987 1363 4024 sacrorum

254 4063 392 4118 carminum
410 4073 509 4116 auctor.
542 4065 572 4118 In
589 4069 648 4120 cod.
666 4067 905 4138 Huydecoperisno
921 4065 1070 4119 inscribitur
1090 4065 1225 4136 Virgilius
1243 4063 1274 4120 da
1291 4078 1333 4111 sa.

325 4189 349 4226 r.
368 4173 518 4241 Romanus]
549 4193 688 4230 romanum
716 4197 763 4232 ms.
785 4177 929 4246 llamburg.
960 4178 1119 4246 mellifluum
1148 4192 1174 4247 q.
1203 4175 1367 4226 Romanum

253 4282 301 4316 ms.
319 4262 397 4317 Voss.

322 4367 352 4404 2.
366 4351 519 4422 utrumque]
540 4352 586 4405 iut.
604 4355 757 4420 Homerum,
777 4363 831 4404 tum
848 4355 1004 4418 Maeonium,
1020 4361 1076 4405 tum
1093 4352 1246 4404 Romsmrm.
