<?xml version="1.0" encoding="UTF-8"?>
<!DOCTYPE html PUBLIC "-//W3C//DTD XHTML 1.0 Transitional//EN"
    "http://www.w3.org/TR/xhtml1/DTD/xhtml1-transitional.dtd">
<html xmlns="http://www.w3.org/1999/xhtml" xml:lang="en" lang="en">
 <head>
  <title>
</title>
<meta http-equiv="Content-Type" content="text/html;charset=utf-8" />
  <meta name='ocr-system' content='tesseract 3.04.00' />
  <meta name='ocr-capabilities' content='ocr_page ocr_carea ocr_par ocr_line ocrx_word'/>
</head>
<body>
  <div class='ocr_page' id='page_1' title='image "./anthologiaveter00burmgoog_0208.png"; bbox 0 0 3000 4820; ppageno 0'>
   <div class='ocr_carea' id='block_1_1' title="bbox 635 463 720 538">
    <p class='ocr_par' dir='ltr' id='par_1_1' title="bbox 635 463 720 538">
     <span class='ocr_line' id='line_1_1' title="bbox 635 463 720 538; baseline 0 -1"><span class='ocrx_word' id='word_1_1' title='bbox 635 463 720 538; x_wconf 79' lang='lat'><strong>358·</strong></span> 
     </span>
    </p>
   </div>
   <div class='ocr_carea' id='block_1_2' title="bbox 323 553 1150 682">
    <p class='ocr_par' dir='ltr' id='par_1_2' title="bbox 323 553 1150 682">
     <span class='ocr_line' id='line_1_2' title="bbox 323 553 1150 682; baseline -0.001 -40"><span class='ocrx_word' id='word_1_2' title='bbox 323 573 380 676; x_wconf 77' lang='lat' dir='ltr'><strong>De</strong></span> <span class='ocrx_word' id='word_1_3' title='bbox 404 570 584 682; x_wconf 74' lang='lat' dir='ltr'><strong>sententiis</strong></span> <span class='ocrx_word' id='word_1_4' title='bbox 603 583 731 661; x_wconf 81' lang='lat' dir='ltr'><strong>septem</strong></span> <span class='ocrx_word' id='word_1_5' title='bbox 745 569 1037 676; x_wconf 74' lang='lat' dir='ltr'><strong>pbilosophorum·</strong></span> <span class='ocrx_word' id='word_1_6' title='bbox 1101 563 1105 572; x_wconf 72' lang='grc'><strong>’</strong></span> <span class='ocrx_word' id='word_1_7' title='bbox 1146 553 1150 563; x_wconf 54' lang='grc'><strong>’</strong></span> 
     </span>
    </p>
   </div>
   <div class='ocr_carea' id='block_1_3' title="bbox 126 691 1231 2164">
    <p class='ocr_par' dir='ltr' id='par_1_3' title="bbox 208 691 1019 896">
     <span class='ocr_line' id='line_1_3' title="bbox 208 691 1019 792; baseline 0.001 -27"><span class='ocrx_word' id='word_1_8' title='bbox 208 702 310 768; x_wconf 90' lang='lat' dir='ltr'><strong>Solon</strong></span> <span class='ocrx_word' id='word_1_9' title='bbox 329 691 536 792; x_wconf 83' lang='lat' dir='ltr'><strong>praecipuus,</strong></span> <span class='ocrx_word' id='word_1_10' title='bbox 558 693 659 764; x_wconf 81' lang='lat' dir='ltr'><strong>fertur</strong></span> <span class='ocrx_word' id='word_1_11' title='bbox 681 699 735 786; x_wconf 92' lang='lat' dir='ltr'><strong>qui</strong></span> <span class='ocrx_word' id='word_1_12' title='bbox 758 711 849 766; x_wconf 77' lang='lat' dir='ltr'><strong>natus</strong></span> <span class='ocrx_word' id='word_1_13' title='bbox 870 697 1019 782; x_wconf 77' lang='lat' dir='ltr'>Athenis,</span> 
     </span>
     <span class='ocr_line' id='line_1_4' title="bbox 209 799 915 896; baseline 0.003 -30"><span class='ocrx_word' id='word_1_14' title='bbox 209 803 326 868; x_wconf 83' lang='lat' dir='ltr'><strong>Finem</strong></span> <span class='ocrx_word' id='word_1_15' title='bbox 348 808 494 896; x_wconf 83' lang='lat' dir='ltr'>prolixae</span> <span class='ocrx_word' id='word_1_16' title='bbox 515 805 598 872; x_wconf 67' lang='lat' dir='ltr'><strong>dixit</strong></span> <span class='ocrx_word' id='word_1_17' title='bbox 617 799 648 867; x_wconf 72' lang='lat' dir='ltr'><strong>te</strong></span> <span class='ocrx_word' id='word_1_18' title='bbox 669 823 800 868; x_wconf 83' lang='lat' dir='ltr'><strong>cernere</strong></span> <span class='ocrx_word' id='word_1_19' title='bbox 819 803 915 870; x_wconf 78' lang='lat' dir='ltr'><strong>vitae.</strong></span> 
     </span>
    </p>

    <p class='ocr_par' dir='ltr' id='par_1_4' title="bbox 207 907 1152 1208">
     <span class='ocr_line' id='line_1_5' title="bbox 209 907 1152 1002; baseline 0.004 -27"><span class='ocrx_word' id='word_1_20' title='bbox 209 910 344 997; x_wconf 83' lang='lat' dir='ltr'><strong>Chilon,</strong></span> <span class='ocrx_word' id='word_1_21' title='bbox 368 936 465 1001; x_wconf 89' lang='lat' dir='ltr'><strong>quem</strong></span> <span class='ocrx_word' id='word_1_22' title='bbox 485 911 586 1002; x_wconf 73' lang='lat' dir='ltr'><strong>patria</strong></span> <span class='ocrx_word' id='word_1_23' title='bbox 606 907 770 996; x_wconf 84' lang='lat' dir='ltr'><strong>egregium</strong></span> <span class='ocrx_word' id='word_1_24' title='bbox 790 909 1034 978; x_wconf 81' lang='lat' dir='ltr'><strong>Lacedaemona</strong></span> <span class='ocrx_word' id='word_1_25' title='bbox 1054 914 1152 996; x_wconf 72' lang='lat' dir='ltr'><strong>misit,</strong></span> 
     </span>
     <span class='ocr_line' id='line_1_6' title="bbox 207 1015 1146 1136; baseline 0.008 -57"><span class='ocrx_word' id='word_1_26' title='bbox 207 1017 282 1080; x_wconf 90' lang='lat' dir='ltr'><strong>Hoc</strong></span> <span class='ocrx_word' id='word_1_27' title='bbox 303 1018 475 1104; x_wconf 72' lang='lat' dir='ltr'><strong>prudenter</strong></span> <span class='ocrx_word' id='word_1_28' title='bbox 496 1017 557 1100; x_wconf 85' lang='lat' dir='ltr'><strong>ait,</strong></span> <span class='ocrx_word' id='word_1_29' title='bbox 585 1015 742 1136; x_wconf 76' lang='lat' dir='ltr'><strong>teipsum</strong></span> <span class='ocrx_word' id='word_1_30' title='bbox 769 1027 804 1082; x_wconf 87' lang='lat' dir='ltr'><strong>ut</strong></span> <span class='ocrx_word' id='word_1_31' title='bbox 825 1037 1015 1135; x_wconf 72' lang='lat' dir='ltr'><strong>cognoscem</strong></span> <span class='ocrx_word' id='word_1_32' title='bbox 1035 1025 1146 1108; x_wconf 88' lang='lat' dir='ltr'><strong>possis.</strong></span> 
     </span>
     <span class='ocr_line' id='line_1_7' title="bbox 207 1117 931 1240; baseline -0.001 -53"><span class='ocrx_word' id='word_1_33' title='bbox 207 1122 260 1187; x_wconf 90' lang='lat' dir='ltr'><strong>De</strong></span> <span class='ocrx_word' id='word_1_34' title='bbox 282 1121 477 1240; x_wconf 77' lang='lat' dir='ltr'><strong>Mityleneis</strong></span> <span class='ocrx_word' id='word_1_35' title='bbox 491 1118 593 1187; x_wconf 79' lang='lat' dir='ltr'><strong>iuerat</strong></span> <span class='ocrx_word' id='word_1_36' title='bbox 614 1121 668 1208; x_wconf 87' lang='lat' dir='ltr'><strong>qui</strong></span> <span class='ocrx_word' id='word_1_37' title='bbox 689 1117 824 1186; x_wconf 73' lang='lat' dir='ltr'><strong>Pittacus</strong></span> <span class='ocrx_word' id='word_1_38' title='bbox 849 1121 931 1204; x_wconf 85' lang='lat' dir='ltr'><strong>oris,</strong></span> 
     </span>
    </p>

    <p class='ocr_par' dir='ltr' id='par_1_5' title="bbox 209 1212 1059 1422">
     <span class='ocr_line' id='line_1_8' title="bbox 209 1212 1059 1316; baseline 0.007 -24.044"><span class='ocrx_word' id='word_1_39' title='bbox 209 1223 292 1292; x_wconf 89' lang='lat' dir='ltr'><strong>Tu</strong></span> <span class='ocrx_word' id='word_1_40' title='bbox 283 1251 326 1294; x_wconf 86' lang='lat' dir='ltr'><strong>ne</strong></span> <span class='ocrx_word' id='word_1_41' title='bbox 347 1212 433 1316; x_wconf 92' lang='lat' dir='ltr'><strong>quid</strong></span> <span class='ocrx_word' id='word_1_42' title='bbox 443 1225 543 1292; x_wconf 86' lang='lat' dir='ltr'><strong>nimis</strong></span> <span class='ocrx_word' id='word_1_43' title='bbox 564 1239 600 1293; x_wconf 87' lang='lat' dir='ltr'><strong>ut</strong></span> <span class='ocrx_word' id='word_1_44' title='bbox 619 1225 725 1315; x_wconf 89' lang='lat' dir='ltr'><strong>cupias</strong></span> <span class='ocrx_word' id='word_1_45' title='bbox 747 1225 931 1314; x_wconf 80' lang='lat' dir='ltr'><strong>exquirere,</strong></span> <span class='ocrx_word' id='word_1_46' title='bbox 960 1225 1059 1298; x_wconf 75' lang='lat' dir='ltr'><strong>dixit.</strong></span> 
     </span>
     <span class='ocr_line' id='line_1_9' title="bbox 209 1330 941 1422; baseline 0.004 -26"><span class='ocrx_word' id='word_1_47' title='bbox 209 1332 383 1415; x_wconf 85' lang='lat' dir='ltr'><strong>Thales,</strong></span> <span class='ocrx_word' id='word_1_48' title='bbox 372 1330 502 1418; x_wconf 75' lang='lat' dir='ltr'><strong>ingenio</strong></span> <span class='ocrx_word' id='word_1_49' title='bbox 524 1331 650 1422; x_wconf 82' lang='lat' dir='ltr'><strong>sapiens</strong></span> <span class='ocrx_word' id='word_1_50' title='bbox 671 1331 817 1398; x_wconf 85' lang='lat' dir='ltr'><strong>Milesius</strong></span> <span class='ocrx_word' id='word_1_51' title='bbox 837 1333 941 1418; x_wconf 84' lang='lat' dir='ltr'><strong>acri,</strong></span> 
     </span>
    </p>

    <p class='ocr_par' dir='ltr' id='par_1_6' title="bbox 208 1435 1004 1509">
     <span class='ocr_line' id='line_1_10' title="bbox 208 1435 1004 1509; baseline 0.009 -7"><span class='ocrx_word' id='word_1_52' title='bbox 208 1435 399 1502; x_wconf 89' lang='lat' dir='ltr'><strong>Errorem</strong></span> <span class='ocrx_word' id='word_1_53' title='bbox 388 1460 426 1502; x_wconf 90' lang='lat'><strong>111</strong></span> <span class='ocrx_word' id='word_1_54' title='bbox 444 1437 538 1504; x_wconf 79' lang='lat' dir='ltr'><strong>torris</strong></span> <span class='ocrx_word' id='word_1_55' title='bbox 559 1437 669 1505; x_wconf 86' lang='lat' dir='ltr'><strong>firmat</strong></span> <span class='ocrx_word' id='word_1_56' title='bbox 686 1461 755 1504; x_wconf 89' lang='lat' dir='ltr'><strong>non</strong></span> <span class='ocrx_word' id='word_1_57' title='bbox 777 1437 906 1506; x_wconf 82' lang='lat' dir='ltr'><strong>coelitus</strong></span> <span class='ocrx_word' id='word_1_58' title='bbox 927 1465 1004 1509; x_wconf 88' lang='lat' dir='ltr'><strong>esse.</strong></span> 
     </span>
    </p>

    <p class='ocr_par' dir='ltr' id='par_1_7' title="bbox 208 1530 848 1627">
     <span class='ocr_line' id='line_1_11' title="bbox 208 1530 848 1627; baseline 0.005 -21"><span class='ocrx_word' id='word_1_59' title='bbox 208 1530 288 1607; x_wconf 87' lang='lat' dir='ltr'><strong>Inde</strong></span> <span class='ocrx_word' id='word_1_60' title='bbox 308 1543 460 1610; x_wconf 80' lang='lat' dir='ltr'><strong>Prienaee</strong></span> <span class='ocrx_word' id='word_1_61' title='bbox 481 1543 555 1610; x_wconf 86' lang='lat' dir='ltr'><strong>Bias</strong></span> <span class='ocrx_word' id='word_1_62' title='bbox 575 1543 689 1610; x_wconf 80' lang='lat' dir='ltr'><strong>tellure</strong></span> <span class='ocrx_word' id='word_1_63' title='bbox 710 1556 848 1627; x_wconf 76' lang='lat' dir='ltr'><strong>creatus,</strong></span> 
     </span>
    </p>

    <p class='ocr_par' dir='ltr' id='par_1_8' title="bbox 126 1647 946 1738">
     <span class='ocr_line' id='line_1_12' title="bbox 126 1647 946 1738; baseline 0.009 -26"><span class='ocrx_word' id='word_1_64' title='bbox 126 1661 168 1722; x_wconf 82' lang='lat'><strong>10</strong></span> <span class='ocrx_word' id='word_1_65' title='bbox 209 1647 320 1714; x_wconf 86' lang='lat' dir='ltr'><strong>Plures</strong></span> <span class='ocrx_word' id='word_1_66' title='bbox 341 1673 407 1716; x_wconf 84' lang='lat' dir='ltr'><strong>esso</strong></span> <span class='ocrx_word' id='word_1_67' title='bbox 427 1649 531 1714; x_wconf 84' lang='lat' dir='ltr'><strong>malos</strong></span> <span class='ocrx_word' id='word_1_68' title='bbox 552 1647 665 1714; x_wconf 82' lang='lat' dir='ltr'><strong>divina</strong></span> <span class='ocrx_word' id='word_1_69' title='bbox 684 1669 766 1715; x_wconf 86' lang='lat' dir='ltr'><strong>voce</strong></span> <span class='ocrx_word' id='word_1_70' title='bbox 785 1653 946 1738; x_wconf 76' lang='lat' dir='ltr'><strong>probavit.</strong></span> 
     </span>
    </p>

    <p class='ocr_par' dir='ltr' id='par_1_9' title="bbox 127 1726 1231 2164">
     <span class='ocr_line' id='line_1_13' title="bbox 127 1726 1162 1841; baseline 0.005 -22"><span class='ocrx_word' id='word_1_71' title='bbox 127 1819 128 1832; x_wconf 55' lang='grc'>,</span> <span class='ocrx_word' id='word_1_72' title='bbox 209 1753 301 1820; x_wconf 91' lang='lat' dir='ltr'><strong>Urbe</strong></span> <span class='ocrx_word' id='word_1_73' title='bbox 319 1754 514 1819; x_wconf 88' lang='lat' dir='ltr'><strong>Periandrus</strong></span> <span class='ocrx_word' id='word_1_74' title='bbox 536 1753 675 1840; x_wconf 78' lang='lat' dir='ltr'><strong>genitus,</strong></span> <span class='ocrx_word' id='word_1_75' title='bbox 703 1755 753 1819; x_wconf 91' lang='lat' dir='ltr'><strong>cui</strong></span> <span class='ocrx_word' id='word_1_76' title='bbox 774 1753 878 1839; x_wconf 85' lang='lat' dir='ltr'><strong>fama,</strong></span> <span class='ocrx_word' id='word_1_77' title='bbox 907 1755 1080 1840; x_wconf 80' lang='lat' dir='ltr'><strong>Corimho,</strong></span> <span class='ocrx_word' id='word_1_78' title='bbox 1107 1726 1162 1841; x_wconf 80' lang='lat' dir='ltr'><strong>esi,</strong></span> 
     </span>
     <span class='ocr_line' id='line_1_14' title="bbox 209 1853 1104 1942; baseline 0.003 -17"><span class='ocrx_word' id='word_1_79' title='bbox 209 1853 333 1926; x_wconf 79' lang='lat' dir='ltr'><strong>Omnia</strong></span> <span class='ocrx_word' id='word_1_80' title='bbox 353 1857 520 1923; x_wconf 76' lang='lat' dir='ltr'><strong>constituas</strong></span> <span class='ocrx_word' id='word_1_81' title='bbox 540 1869 660 1942; x_wconf 86' lang='lat' dir='ltr'><strong>tecum,</strong></span> <span class='ocrx_word' id='word_1_82' title='bbox 681 1871 715 1924; x_wconf 83' lang='lat' dir='ltr'><strong>ut</strong></span> <span class='ocrx_word' id='word_1_83' title='bbox 735 1857 921 1925; x_wconf 73' lang='lat' dir='ltr'><strong>meditando</strong></span> <span class='ocrx_word' id='word_1_84' title='bbox 941 1863 1104 1928; x_wconf 84' lang='lat' dir='ltr'><strong>revolvas.</strong></span> 
     </span>
     <span class='ocr_line' id='line_1_15' title="bbox 211 1961 1114 2054; baseline 0.006 -25"><span class='ocrx_word' id='word_1_85' title='bbox 211 1963 398 2044; x_wconf 85' lang='lat' dir='ltr'><strong>Cleobulus,</strong></span> <span class='ocrx_word' id='word_1_86' title='bbox 418 1961 592 2050; x_wconf 89' lang='lat' dir='ltr'><strong>proprium</strong></span> <span class='ocrx_word' id='word_1_87' title='bbox 614 1965 729 2030; x_wconf 86' lang='lat' dir='ltr'><strong>clamat</strong></span> <span class='ocrx_word' id='word_1_88' title='bbox 750 1986 845 2051; x_wconf 93' lang='lat' dir='ltr'><strong>quem</strong></span> <span class='ocrx_word' id='word_1_89' title='bbox 866 1963 977 2052; x_wconf 87' lang='lat' dir='ltr'><strong>Lydia</strong></span> <span class='ocrx_word' id='word_1_90' title='bbox 996 1968 1114 2054; x_wconf 83' lang='lat' dir='ltr'><strong>civem,</strong></span> 
     </span>
     <span class='ocr_line' id='line_1_16' title="bbox 210 2066 1231 2164; baseline 0.007 -31"><span class='ocrx_word' id='word_1_91' title='bbox 210 2070 329 2154; x_wconf 79' lang='lat' dir='ltr'><strong>Omne,</strong></span> <span class='ocrx_word' id='word_1_92' title='bbox 349 2066 462 2154; x_wconf 75' lang='lat' dir='ltr'><strong>inquit,</strong></span> <span class='ocrx_word' id='word_1_93' title='bbox 482 2087 638 2154; x_wconf 84' lang='lat' dir='ltr'><strong>magnum</strong></span> <span class='ocrx_word' id='word_1_94' title='bbox 653 2079 710 2150; x_wconf 83' lang='lat' dir='ltr'><strong>est,</strong></span> <span class='ocrx_word' id='word_1_95' title='bbox 731 2070 816 2156; x_wconf 92' lang='lat' dir='ltr'><strong>quod</strong></span> <span class='ocrx_word' id='word_1_96' title='bbox 828 2093 977 2138; x_wconf 89' lang='lat' dir='ltr'><strong>mensura</strong></span> <span class='ocrx_word' id='word_1_97' title='bbox 989 2073 1111 2164; x_wconf 81' lang='lat' dir='ltr'><strong>optima</strong></span> <span class='ocrx_word' id='word_1_98' title='bbox 1125 2075 1231 2150; x_wconf 78' lang='lat' dir='ltr'><strong>librar,</strong></span> 
     </span>
    </p>
   </div>
   <div class='ocr_carea' id='block_1_4' title="bbox 631 2236 715 2318">
    <p class='ocr_par' dir='ltr' id='par_1_10' title="bbox 631 2236 715 2318">
     <span class='ocr_line' id='line_1_17' title="bbox 631 2236 715 2318; baseline -0.107 -10"><span class='ocrx_word' id='word_1_99' title='bbox 631 2236 715 2318; x_wconf 82' lang='lat'><strong>359.</strong></span> 
     </span>
    </p>
   </div>
   <div class='ocr_carea' id='block_1_5' title="bbox 208 2341 1014 2544">
    <p class='ocr_par' dir='ltr' id='par_1_11' title="bbox 208 2341 1014 2544">
     <span class='ocr_line' id='line_1_18' title="bbox 481 2341 871 2416; baseline 0.013 -7"><span class='ocrx_word' id='word_1_100' title='bbox 481 2342 539 2416; x_wconf 86' lang='lat' dir='ltr'><strong>De</strong></span> <span class='ocrx_word' id='word_1_101' title='bbox 558 2341 727 2412; x_wconf 81' lang='lat' dir='ltr'><strong>Ianuario</strong></span> <span class='ocrx_word' id='word_1_102' title='bbox 748 2366 871 2414; x_wconf 83' lang='lat' dir='ltr'><strong>mense.</strong></span> 
     </span>
     <span class='ocr_line' id='line_1_19' title="bbox 208 2467 1014 2544; baseline 0.01 -11"><span class='ocrx_word' id='word_1_103' title='bbox 208 2467 340 2535; x_wconf 84' lang='lat' dir='ltr'><strong>Lucifer</strong></span> <span class='ocrx_word' id='word_1_104' title='bbox 360 2491 523 2544; x_wconf 73' lang='lat' dir='ltr'><strong>annonam</strong></span> <span class='ocrx_word' id='word_1_105' title='bbox 543 2481 574 2536; x_wconf 82' lang='lat' dir='ltr'><strong>et</strong></span> <span class='ocrx_word' id='word_1_106' title='bbox 593 2467 685 2536; x_wconf 87' lang='lat' dir='ltr'><strong>seclis</strong></span> <span class='ocrx_word' id='word_1_107' title='bbox 706 2474 756 2540; x_wconf 87' lang='lat' dir='ltr'><strong>sol</strong></span> <span class='ocrx_word' id='word_1_108' title='bbox 775 2483 848 2540; x_wconf 84' lang='lat' dir='ltr'><strong>nate</strong></span> <span class='ocrx_word' id='word_1_109' title='bbox 869 2474 1014 2542; x_wconf 84' lang='lat' dir='ltr'><strong>secundis</strong></span> 
     </span>
    </p>
   </div>
   <div class='ocr_carea' id='block_1_6' title="bbox 207 2679 1082 3087">
    <p class='ocr_par' dir='ltr' id='par_1_12' title="bbox 207 2679 1082 3087">
     <span class='ocr_line' id='line_1_20' title="bbox 207 2679 981 2770; baseline 0.012 -26"><span class='ocrx_word' id='word_1_110' title='bbox 207 2679 262 2745; x_wconf 86' lang='lat' dir='ltr'><strong>Tu</strong></span> <span class='ocrx_word' id='word_1_111' title='bbox 280 2694 351 2746; x_wconf 81' lang='lat' dir='ltr'><strong>rola</strong></span> <span class='ocrx_word' id='word_1_112' title='bbox 370 2695 453 2749; x_wconf 66' lang='lat' dir='ltr'><strong>ceria</strong></span> <span class='ocrx_word' id='word_1_113' title='bbox 474 2681 521 2748; x_wconf 84' lang='lat' dir='ltr'><strong>tui</strong></span> <span class='ocrx_word' id='word_1_114' title='bbox 541 2695 648 2750; x_wconf 81' lang='lat' dir='ltr'><strong>tecum</strong></span> <span class='ocrx_word' id='word_1_115' title='bbox 667 2683 738 2750; x_wconf 87' lang='lat' dir='ltr'><strong>sine</strong></span> <span class='ocrx_word' id='word_1_116' title='bbox 758 2683 823 2751; x_wconf 87' lang='lat' dir='ltr'><strong>fine</strong></span> <span class='ocrx_word' id='word_1_117' title='bbox 844 2688 981 2770; x_wconf 85' lang='lat' dir='ltr'><strong>laboris,</strong></span> 
     </span>
     <span class='ocr_line' id='line_1_21' title="bbox 250 2785 1074 2876; baseline 0.016 -28"><span class='ocrx_word' id='word_1_118' title='bbox 250 2785 340 2872; x_wconf 79' lang='lat' dir='ltr'><strong>Itque</strong></span> <span class='ocrx_word' id='word_1_119' title='bbox 359 2787 503 2873; x_wconf 82' lang='lat' dir='ltr'><strong>reditque</strong></span> <span class='ocrx_word' id='word_1_120' title='bbox 523 2785 599 2869; x_wconf 77' lang='lat' dir='ltr'><strong>tibi,</strong></span> <span class='ocrx_word' id='word_1_121' title='bbox 628 2789 782 2876; x_wconf 90' lang='lat' dir='ltr'><strong>quidquid</strong></span> <span class='ocrx_word' id='word_1_122' title='bbox 809 2789 845 2856; x_wconf 92' lang='lat' dir='ltr'><strong>in</strong></span> <span class='ocrx_word' id='word_1_123' title='bbox 866 2793 945 2857; x_wconf 86' lang='lat' dir='ltr'><strong>orbe</strong></span> <span class='ocrx_word' id='word_1_124' title='bbox 968 2795 1074 2861; x_wconf 75' lang='lat' dir='ltr'><strong>venir..</strong></span> 
     </span>
     <span class='ocr_line' id='line_1_22' title="bbox 208 2889 961 2980; baseline 0.011 -27"><span class='ocrx_word' id='word_1_125' title='bbox 208 2889 331 2954; x_wconf 91' lang='lat' dir='ltr'><strong>Omnia</strong></span> <span class='ocrx_word' id='word_1_126' title='bbox 347 2890 505 2980; x_wconf 82' lang='lat' dir='ltr'><strong>perpetuis</strong></span> <span class='ocrx_word' id='word_1_127' title='bbox 524 2893 686 2976; x_wconf 77' lang='lat' dir='ltr'><strong>praecedis</strong></span> <span class='ocrx_word' id='word_1_128' title='bbox 706 2893 865 2961; x_wconf 76' lang='lat' dir='ltr'><strong>frontibus</strong></span> <span class='ocrx_word' id='word_1_129' title='bbox 887 2916 961 2976; x_wconf 80' lang='lat' dir='ltr'><strong>ora3</strong></span> 
     </span>
     <span class='ocr_line' id='line_1_23' title="bbox 252 2993 1082 3087; baseline 0.014 -29"><span class='ocrx_word' id='word_1_130' title='bbox 252 2993 342 3079; x_wconf 87' lang='lat' dir='ltr'><strong>Quae</strong></span> <span class='ocrx_word' id='word_1_131' title='bbox 361 2994 501 3062; x_wconf 87' lang='lat' dir='ltr'><strong>necdum</strong></span> <span class='ocrx_word' id='word_1_132' title='bbox 520 2995 666 3076; x_wconf 86' lang='lat' dir='ltr'><strong>venient,</strong></span> <span class='ocrx_word' id='word_1_133' title='bbox 689 3019 829 3084; x_wconf 78' lang='lat' dir='ltr'><strong>quaeque</strong></span> <span class='ocrx_word' id='word_1_134' title='bbox 848 2998 956 3087; x_wconf 84' lang='lat' dir='ltr'><strong>fuere,</strong></span> <span class='ocrx_word' id='word_1_135' title='bbox 982 3005 1082 3070; x_wconf 87' lang='lat' dir='ltr'><strong>vides.</strong></span> 
     </span>
    </p>
   </div>
   <div class='ocr_carea' id='block_1_7' title="bbox 351 3153 995 3365">
    <p class='ocr_par' dir='ltr' id='par_1_13' title="bbox 351 3153 995 3365">
     <span class='ocr_line' id='line_1_24' title="bbox 351 3153 995 3365; baseline 0.019 -35"><span class='ocrx_word' id='word_1_136' title='bbox 351 3265 407 3332; x_wconf 85' lang='lat' dir='ltr'><strong>De</strong></span> <span class='ocrx_word' id='word_1_137' title='bbox 428 3265 603 3356; x_wconf 75' lang='lat' dir='ltr'><strong>Olympio,</strong></span> <span class='ocrx_word' id='word_1_138' title='bbox 630 3153 789 3338; x_wconf 57' lang='lat' dir='ltr'><strong>obbldtore</strong></span> <span class='ocrx_word' id='word_1_139' title='bbox 808 3272 887 3339; x_wconf 68' lang='lat' dir='ltr'><strong>Aeo</strong></span> <span class='ocrx_word' id='word_1_140' title='bbox 859 3275 995 3365; x_wconf 74' lang='lat' dir='ltr'><strong>gyptiu-</strong></span> 
     </span>
    </p>
   </div>
   <div class='ocr_carea' id='block_1_8' title="bbox 123 3393 1097 4438">
    <p class='ocr_par' dir='ltr' id='par_1_14' title="bbox 123 3393 1097 4438">
     <span class='ocr_line' id='line_1_25' title="bbox 210 3393 982 3488; baseline 0.015 -30"><span class='ocrx_word' id='word_1_141' title='bbox 210 3393 308 3458; x_wconf 90' lang='lat' dir='ltr'><strong>Grata</strong></span> <span class='ocrx_word' id='word_1_142' title='bbox 329 3396 498 3484; x_wconf 74' lang='lat' dir='ltr'><strong>voluptatis</strong></span> <span class='ocrx_word' id='word_1_143' title='bbox 521 3393 640 3486; x_wconf 85' lang='lat' dir='ltr'><strong>species</strong></span> <span class='ocrx_word' id='word_1_144' title='bbox 662 3409 693 3462; x_wconf 82' lang='lat' dir='ltr'><strong>et</strong></span> <span class='ocrx_word' id='word_1_145' title='bbox 714 3421 804 3463; x_wconf 86' lang='lat' dir='ltr'><strong>causa</strong></span> <span class='ocrx_word' id='word_1_146' title='bbox 825 3397 982 3488; x_wconf 85' lang='lat' dir='ltr'><strong>favoris,</strong></span> 
     </span>
     <span class='ocr_line' id='line_1_26' title="bbox 206 3498 1060 3596; baseline 0.02 -34"><span class='ocrx_word' id='word_1_147' title='bbox 206 3498 337 3565; x_wconf 70' lang='lat' dir='ltr'><strong>Foraior</strong></span> <span class='ocrx_word' id='word_1_148' title='bbox 360 3501 538 3568; x_wconf 86' lang='lat' dir='ltr'><strong>innumeris</strong></span> <span class='ocrx_word' id='word_1_149' title='bbox 558 3513 708 3585; x_wconf 77' lang='lat' dir='ltr'><strong>venator,</strong></span> <span class='ocrx_word' id='word_1_150' title='bbox 731 3503 905 3594; x_wconf 86' lang='lat' dir='ltr'><strong>Olympio,</strong></span> <span class='ocrx_word' id='word_1_151' title='bbox 933 3507 1060 3596; x_wconf 81' lang='lat' dir='ltr'><strong>palmis,</strong></span> 
     </span>
     <span class='ocr_line' id='line_1_27' title="bbox 209 3604 1039 3700; baseline 0.012 -31"><span class='ocrx_word' id='word_1_152' title='bbox 209 3604 264 3669; x_wconf 89' lang='lat' dir='ltr'><strong>Tu</strong></span> <span class='ocrx_word' id='word_1_153' title='bbox 284 3627 364 3668; x_wconf 81' lang='lat' dir='ltr'><strong>vero</strong></span> <span class='ocrx_word' id='word_1_154' title='bbox 387 3630 509 3675; x_wconf 90' lang='lat' dir='ltr'><strong>nomen</strong></span> <span class='ocrx_word' id='word_1_155' title='bbox 530 3606 757 3672; x_wconf 87' lang='lat' dir='ltr'><strong>membrorum</strong></span> <span class='ocrx_word' id='word_1_156' title='bbox 777 3611 896 3677; x_wconf 90' lang='lat' dir='ltr'><strong>robore</strong></span> <span class='ocrx_word' id='word_1_157' title='bbox 915 3613 1039 3700; x_wconf 82' lang='lat' dir='ltr'><strong>signas3</strong></span> 
     </span>
     <span class='ocr_line' id='line_1_28' title="bbox 207 3705 960 3804; baseline 0.017 -32"><span class='ocrx_word' id='word_1_158' title='bbox 207 3705 339 3772; x_wconf 89' lang='lat' dir='ltr'><strong>Alcides</strong></span> <span class='ocrx_word' id='word_1_159' title='bbox 362 3712 462 3797; x_wconf 79' lang='lat' dir='ltr'><strong>colle,</strong></span> <span class='ocrx_word' id='word_1_160' title='bbox 491 3714 642 3804; x_wconf 85' lang='lat' dir='ltr'><strong>scapulis,</strong></span> <span class='ocrx_word' id='word_1_161' title='bbox 673 3713 816 3799; x_wconf 87' lang='lat' dir='ltr'><strong>cervice,</strong></span> <span class='ocrx_word' id='word_1_162' title='bbox 837 3717 960 3784; x_wconf 66' lang='lat' dir='ltr'><strong>lacertis</strong></span> 
     </span>
     <span class='ocr_line' id='line_1_29' title="bbox 209 3811 1036 3914; baseline 0.022 -39"><span class='ocrx_word' id='word_1_163' title='bbox 209 3811 428 3899; x_wconf 77' lang='lat' dir='ltr'><strong>Admiranda,</strong></span> <span class='ocrx_word' id='word_1_164' title='bbox 449 3815 567 3899; x_wconf 83' lang='lat' dir='ltr'><strong>audax,</strong></span> <span class='ocrx_word' id='word_1_165' title='bbox 589 3819 703 3901; x_wconf 80' lang='lat' dir='ltr'><strong>velox,</strong></span> <span class='ocrx_word' id='word_1_166' title='bbox 731 3822 891 3910; x_wconf 79' lang='lat' dir='ltr'><strong>animose,</strong></span> <span class='ocrx_word' id='word_1_167' title='bbox 912 3838 1036 3914; x_wconf 86' lang='lat' dir='ltr'><strong>parate3</strong></span> 
     </span>
     <span class='ocr_line' id='line_1_30' title="bbox 207 3917 981 4010; baseline 0.022 -29"><span class='ocrx_word' id='word_1_168' title='bbox 207 3917 268 3982; x_wconf 90' lang='lat' dir='ltr'><strong>Nil</strong></span> <span class='ocrx_word' id='word_1_169' title='bbox 288 3918 348 3982; x_wconf 87' lang='lat' dir='ltr'><strong>tibi</strong></span> <span class='ocrx_word' id='word_1_170' title='bbox 367 3918 475 3986; x_wconf 85' lang='lat' dir='ltr'><strong>forma</strong></span> <span class='ocrx_word' id='word_1_171' title='bbox 495 3931 605 4004; x_wconf 84' lang='lat' dir='ltr'><strong>nocet,</strong></span> <span class='ocrx_word' id='word_1_172' title='bbox 624 3923 719 4010; x_wconf 87' lang='lat' dir='ltr'><strong>nigro</strong></span> <span class='ocrx_word' id='word_1_173' title='bbox 741 3923 842 3994; x_wconf 79' lang='lat' dir='ltr'><strong>sucala</strong></span> <span class='ocrx_word' id='word_1_174' title='bbox 865 3931 981 3997; x_wconf 85' lang='lat' dir='ltr'><strong>colore.</strong></span> 
     </span>
     <span class='ocr_line' id='line_1_31' title="bbox 208 4023 961 4117; baseline 0.019 -29"><span class='ocrx_word' id='word_1_175' title='bbox 208 4023 261 4088; x_wconf 89' lang='lat' dir='ltr'><strong>Sic</strong></span> <span class='ocrx_word' id='word_1_176' title='bbox 281 4023 419 4089; x_wconf 89' lang='lat' dir='ltr'><strong>ebenum</strong></span> <span class='ocrx_word' id='word_1_177' title='bbox 438 4027 576 4116; x_wconf 78' lang='lat' dir='ltr'><strong>pretiosa</strong></span> <span class='ocrx_word' id='word_1_178' title='bbox 594 4029 656 4094; x_wconf 88' lang='lat' dir='ltr'><strong>sibi</strong></span> <span class='ocrx_word' id='word_1_179' title='bbox 682 4043 795 4098; x_wconf 76' lang='lat' dir='ltr'><strong>natura</strong></span> <span class='ocrx_word' id='word_1_180' title='bbox 819 4036 961 4117; x_wconf 75' lang='lat' dir='ltr'><strong>meavit,</strong></span> 
     </span>
     <span class='ocr_line' id='line_1_32' title="bbox 205 4129 1055 4232; baseline 0.02 -38"><span class='ocrx_word' id='word_1_181' title='bbox 205 4129 351 4217; x_wconf 81' lang='lat' dir='ltr'><strong>Purpura</strong></span> <span class='ocrx_word' id='word_1_182' title='bbox 371 4131 418 4195; x_wconf 88' lang='lat' dir='ltr'><strong>sic</strong></span> <span class='ocrx_word' id='word_1_183' title='bbox 438 4152 557 4220; x_wconf 81' lang='lat' dir='ltr'><strong>magno</strong></span> <span class='ocrx_word' id='word_1_184' title='bbox 579 4131 727 4222; x_wconf 73' lang='lat' dir='ltr'><strong>depressa</strong></span> <span class='ocrx_word' id='word_1_185' title='bbox 746 4136 781 4202; x_wconf 88' lang='lat' dir='ltr'><strong>in</strong></span> <span class='ocrx_word' id='word_1_186' title='bbox 802 4139 926 4206; x_wconf 89' lang='lat' dir='ltr'><strong>murice</strong></span> <span class='ocrx_word' id='word_1_187' title='bbox 943 4139 1055 4232; x_wconf 70' lang='lat' dir='ltr'><strong>fulget,</strong></span> 
     </span>
     <span class='ocr_line' id='line_1_33' title="bbox 208 4235 1066 4331; baseline 0.019 -33"><span class='ocrx_word' id='word_1_188' title='bbox 208 4235 262 4299; x_wconf 89' lang='lat' dir='ltr'><strong>Sic</strong></span> <span class='ocrx_word' id='word_1_189' title='bbox 282 4235 391 4322; x_wconf 83' lang='lat' dir='ltr'><strong>nigrae</strong></span> <span class='ocrx_word' id='word_1_190' title='bbox 415 4237 523 4306; x_wconf 82' lang='lat' dir='ltr'><strong>violae</strong></span> <span class='ocrx_word' id='word_1_191' title='bbox 541 4262 600 4327; x_wconf 85' lang='lat' dir='ltr'><strong>per</strong></span> <span class='ocrx_word' id='word_1_192' title='bbox 621 4239 733 4304; x_wconf 87' lang='lat' dir='ltr'><strong>mollia</strong></span> <span class='ocrx_word' id='word_1_193' title='bbox 753 4245 899 4328; x_wconf 86' lang='lat' dir='ltr'><strong>gramina</strong></span> <span class='ocrx_word' id='word_1_194' title='bbox 919 4262 1066 4331; x_wconf 88' lang='lat' dir='ltr'><strong>vernant,</strong></span> 
     </span>
     <span class='ocr_line' id='line_1_34' title="bbox 123 4340 1097 4438; baseline 0.017 -36"><span class='ocrx_word' id='word_1_195' title='bbox 123 4351 165 4410; x_wconf 80' lang='lat'><strong>10</strong></span> <span class='ocrx_word' id='word_1_196' title='bbox 207 4340 262 4404; x_wconf 91' lang='lat' dir='ltr'><strong>Sic</strong></span> <span class='ocrx_word' id='word_1_197' title='bbox 281 4351 392 4404; x_wconf 75' lang='lat' dir='ltr'><strong>taetras</strong></span> <span class='ocrx_word' id='word_1_198' title='bbox 415 4343 570 4429; x_wconf 83' lang='lat' dir='ltr'><strong>quaedam</strong></span> <span class='ocrx_word' id='word_1_199' title='bbox 591 4349 795 4414; x_wconf 84' lang='lat' dir='ltr'><strong>commendat</strong></span> <span class='ocrx_word' id='word_1_200' title='bbox 815 4353 914 4437; x_wconf 68' lang='lat' dir='ltr'><strong>pratia</strong></span> <span class='ocrx_word' id='word_1_201' title='bbox 940 4375 1097 4438; x_wconf 85' lang='lat' dir='ltr'><strong>gemmas,</strong></span> 
     </span>
    </p>
   </div>
   <div class='ocr_carea' id='block_1_9' title="bbox 0 0 1504 4820">
    <p class='ocr_par' dir='ltr' id='par_1_15' title="bbox 0 0 1504 4820">
     <span class='ocr_line' id='line_1_35' title="bbox 0 0 1504 4820; baseline 0 0"><span class='ocrx_word' id='word_1_202' title='bbox 0 0 1504 4820; x_wconf 95' lang='lat' dir='ltr'><strong> </strong></span> 
     </span>
    </p>
   </div>
  </div>
 </body>
</html>
