2992 4826
676 191 763 294 101'

243 413 279 478 Si
299 411 402 501 potuit
422 410 528 495 nasci,
557 433 654 498 quem
672 425 708 478 tu
728 413 924 498 sequereris,
950 411 1105 508 Homero,⁴

281 519 455 605 Nascetur,
483 517 539 606 qui
559 529 590 584 te
609 519 728 608 possit,
748 517 913 602 Homere,
941 522 1040 610 sequi.

425 775 554 844 Latini
575 773 708 844 Alcimi
735 772 837 844 Aviti
863 774 998 846 Abelis·

642 881 780 950 Virgilius.

237 983 291 1049 De
314 1003 452 1048 numero
473 993 588 1048 vatum
607 983 636 1048 si
661 982 730 1070 quis
749 996 883 1072 seponat
902 983 1099 1071 nomm

283 1089 459 1154 Proximus
481 1111 499 1152 a
518 1088 628 1177 primo
649 1099 728 1154 tunc
748 1089 844 1154 Maro
867 1088 993 1178 primus
1015 1089 1074 1158 erit
1080 1118 1093 1175 3
1111 1093 1119 1106 '

148 1198 156 1279 l
235 1193 286 1262 'At
305 1195 334 1258 si
353 1205 427 1284 post
446 1193 593 1282 primum
613 1181 711 1260 Maro
732 1207 903 1283 seponatur
923 1197 1122 1282 Homerunn¹

280 1301 396 1388 Longe
416 1299 477 1366 erit
499 1325 518 1366 a
537 1301 668 1388 primo,
699 1300 831 1388 quisque
851 1302 1006 1370 sccundus
1028 1303 1100 1368 erit.

419 1577 546 1645 Latini
565 1577 699 1646 Alcimi
729 1578 832 1646 Aviti
858 1575 991 1648 Aletlaii

601 1685 678 1738 Dona
694 1683 817 1736 Lesbiae.

234 1784 311 1849 Lux
331 1805 420 1868 mea,
446 1783 621 1872 puniceum
640 1783 732 1849 misit
750 1780 835 1846 mihi
854 1781 972 1845 Lesbia
992 1783 1128 1848 malum.=

275 1891 347 1955 Iam
367 1889 500 1955 sordent
520 1890 630 1955 animo
652 1901 754 1953 cetera
773 1907 874 1976 poma
892 1907 979 1953 mec.

146 2029 148 2033 ⁴
235 1995 377 2062 Sordent
405 1994 581 2059 velleribus
602 1994 724 2059 hirsuta
744 1990 897 2078 Cydonia
919 1993 1015 2077 canis,

277 2101 416 2166 Sordent
435 2099 575 2165 hirsutae
595 2121 730 2165 munera
754 2110 923 2164 castaneae.

147 2220 171 2282 5
235 2208 324 2274 Nolo
346 2229 457 2289 nuces,
479 2203 669 2293 Amarylli‚
696 2215 762 2269 tuas
783 2227 845 2268 nec
865 2226 956 2269 cerea
974 2229 1092 2294 pruna:

273 2311 421 2378 Rusticus
442 2312 521 2378 haec
543 2312 704 2399 Corydon
725 2333 861 2376 munera
880 2333 998 2398 magna
1017 2325 1116 2402 putet.¹

229 2421 360 2485 Horreo
381 2413 556 2508 sanguineo
576 2417 665 2482 male
683 2439 779 2482 mora
798 2415 944 2482 rubentia
962 2441 1067 2485 succo.

275 2527 351 2591 Heu
371 2547 471 2610 grave
489 2523 606 2591 funesti
628 2511 754 2588 crimen
774 2524 896 2589 amoris
916 2524 1048 2592 habent!

232 2631 325 2699 Misit
346 2630 439 2697 dente
458 2631 528 2696 levi
547 2631 693 2720 paullum
713 2631 809 2696 libata
832 2631 997 2719 placentae

149 2751 191 2813 10
274 2737 429 2819 Munera,
455 2735 496 2800 de
514 2736 613 2802 labris
635 2737 742 2804 dulcia
760 2737 859 2802 mella
878 2735 954 2802 suis.

231 2842 353 2912 Nescio
376 2839 431 2928 qui
452 2841 524 2927 plus
544 2841 643 2906 melle
663 2841 764 2930 sapit,
783 2837 869 2928 quod
891 2842 1040 2930 contigit,
1068 2844 1136 2931 ipsa

277 2946 409 3032 Spirsns
432 2945 645 3033 cecropium,
671 2947 772 3016 dulcis
793 2947 912 3028 odore,
931 2948 1097 3034 thymum.

418 3216 546 3286 Latini
568 3213 700 3283 Alcimi
719 3215 824 3286 Aviti
847 3217 994 3289 'Alslbii

356 3337 388 3403 0
409 3334 545 3402 blandos
568 3333 679 3398 oculos
699 3346 730 3399 et
749 3335 905 3422 inquietos

355 3441 402 3508 Et
423 3441 560 3528 quadam
579 3440 714 3532 propria
733 3452 809 3538 nota
830 3443 995 3530 loquaces!

356 3546 429 3612 Illic
449 3559 479 3612 et
500 3547 613 3614 Venus
633 3558 666 3612 et
686 3548 774 3612 leves
801 3543 944 3611 Amores

356 3648 465 3740 Atque
484 3652 554 3742 ipsa
575 3654 612 3720 in
632 3653 742 3719 medio
763 3651 851 3718 sedet
870 3653 1033 3743 voluptasi

420 3907 550 3974 Latini
568 3909 700 3976 Alcimi
724 3907 825 3977 Aviti
854 3905 992 3976 Alellsii
1027 3963 1034 3975 .

559 4013 703 4067 Adlocutio
720 4014 854 4083 sponsalis.

276 4111 378 4179 Linea
398 4115 569 4180 constricto
591 4115 632 4178 de
651 4124 781 4202 pectore
802 4112 933 4178 sinctrla
957 4112 1062 4196 solve,'
1072 4161 1075 4166 -

147 4236 151 4244 '
200 4259 203 4266 ·
278 4221 324 4284 Et
346 4219 480 4284 domino
504 4231 534 4286 te
559 4220 653 4284 crede
673 4231 738 4284 tuo.
781 4218 835 4284 Ne
857 4217 991 4286 condida
1011 4215 1116 4280 laedas
1216 4297 1221 4310 x

274 4323 444 4411 Unguibus
466 4349 541 4412 ora,
563 4324 651 4414 vide,
673 4323 730 4392 vel
749 4346 791 4392 ne
810 4335 952 4394 contacta
971 4339 1138 4411 repugnes.
