2994 4828
573 243 780 354 ...2⁶4⁷-

208 444 349 508 Carmeu
370 453 400 506 et
419 439 552 530 imperii
575 440 644 507 divi
670 439 729 506 sub
749 440 884 508 nomine
904 443 1005 510 vivat.

208 546 387 630 Laudatur,
408 543 536 634 vigeat,'
556 547 694 636 placeat,
722 547 894 634 relegatur,
915 559 1050 622 ametur.

637 761 722 858 8593

287 881 548 974 Argumentum
562 885 713 982 omnium
733 887 873 975 cpiarum
900 881 953 952 V
920 883 1112 979 argalo

211 1033 382 1100 Pastorum
403 1001 533 1106 Musam
555 1033 648 1099 vario
670 1033 843 1099 certamine
863 1032 996 1122 promit,

210 1137 340 1202 Ruris
331 1150 408 1202 item
430 1137 542 1204 docilis
563 1139 720 1204 culturam
741 1161 794 1204 cau
795 1139 885 1206 mine
905 1147 1075 1206 monstiwat

213 1240 396 1336 Ardorihna
415 1242 536 1328 ritem,
562 1245 692 1336 prolem
713 1261 838 1334 quoque
855 1244 963 1334 iungit
983 1243 1101 1332 aurae,

213 1347 443 1433 Pastorumque
466 1350 565 1416 Palen
586 1362 617 1416 et
638 1365 755 1418 curam'
769 1353 864 1419 tradit
884 1375 1052 1440 equorum.

218 1451 314 1518 Tunc
334 1453 443 1544 apium
462 1455 598 1545 ¹seriem,
619 1467 650 1522 et
673 1479 752 1544 quae
773 1458 881 1524 mellis
903 1457 1004 1542 doua,
1031 1467 1183 1550 recenset.

214 1557 339 1626 Aeneas
363 1557 461 1626 intrat
480 1561 634 1649 profugus
656 1561 856 1650 Carthaginis
876 1585 960 1628 oras.

215 1663 375 1741 Convivis
396 1665 492 1731 series
513 1667 803 1754 narraturTroica
823 1667 912 1737 belli.

215 1769 346 1836 Tertius
368 1780 398 1833 at
416 1769 562 1856 complet
582 1771 740 1839 narrantis
761 1771 798 1838 in
818 1769 933 1841 ordine
952 1782 1047 1860 gesta.
1100 1807 1118 1858 ..¹

218 1868 321 1937 Ardet
341 1892 451 1938 amans
472 1872 560 1941 Dido
582 1870 685 1968 iatum
703 1876 815 1961 sonita
834 1899 1078 1966 supremam.
1140 1913 1151 1951 ι

134 1992 176 2051 10
218 1975 356 2060 Quintus
376 1974 471 2040 habet
490 1976 582 2043 varia
603 1981 723 2048 tumuli
742 1982 916 2072 spectacula
936 1982 1046 2072 patris.
1100 2020 1119 2049 ι.

217 2078 366 2146 Insanos
387 2081 501 2148 Manes
523 2095 554 2148 et
574 2085 659 2170 Ditis
681 2111 779 2176 regna
800 2100 954 2178 pererrat.
1071 2156 1087 2176 ,
1112 2153 1161 2180 ,η

218 2188 258 2252 lu
279 2184 410 2250 Latium
431 2184 575 2274 Aeneas,
601 2191 692 2259 Italas
716 2193 845 2260 simul
834 2205 929 2262 iuuat
949 2191 984 2260 in
1005 2214 1089 2260 oras.

220 2293 348 2356 Intonat
366 2289 443 2356 hinc
462 2292 585 2368 bellurn
607 2298 681 2382 tecti
702 2298 742 2364 de
763 2293 904 2374 culmine
925 2294 1069 2365 Taunus.
1144 2334 1154 2368 r

220 2395 403 2484 Euryalum
424 2410 454 2464 et
477 2399 600 2468 Nisum
622 2401 716 2470 deflet
736 2427 810 2472 cam
832 2413 934 2469 matre
954 2401 1119 2492 inventur·2

138 2518 179 2580 15
221 2501 363 2570 Mezenti
382 2501 525 2571 interitus
547 2507 669 2574 canitur
689 2519 762 2596 post
783 2505 894 2572 funera
915 2507 1025 2572 Lausi.

224 2607 359 2693 Uitaque
379 2607 496 2674 dehinc
517 2607 618 2678 femur
638 2612 703 2677 telo
725 2623 858 2677 mactata
878 2611 1028 2680 Camilla.

223 2712 331 2778 Turni
350 2711 417 2776 vita
436 2709 518 2798 sugit
545 2713 688 2780 inieruas
709 2726 829 2780 maesta
844 2713 903 2780 sub
923 2715 1066 2781 umbras.
1128 2701 1131 2710 ’
1151 2709 1164 2750 ·’

338 3028 556 3098 Monosticha
576 3031 613 3098 in
635 2918 852 3100 thiiiuras
873 3027 1057 3098 Aeneidos.

228 3178 353 3242 Aeneas
374 3175 483 3264 primo
505 3177 629 3268 Libyes
650 3179 829 3270 adpellitur
840 3177 917 3244 oris.
964 3245 965 3250 ,

229 3283 355 3348 Funera
376 3282 557 3350 Dardaniae
576 3297 684 3350 narrat
705 3285 857 3374 fletusque
880 3281 1034 3356 secundo,

210 3387 362 3458 ,Tertius
383 3377 611 3456 errores'nanit
632 3391 848 3478 amissumque
868 3402 1046 3479 parentem.

229 3493 344 3558 Uritur
364 3491 399 3558 in
420 3506 530 3580 quarto
553 3497 640 3562 Dido
660 3497 870 3584 flammasque
891 3494 1014 3560 fatetur.

146 3615 168 3676 5
230 3596 367 3681 Quintus
388 3597 483 3666 habet
502 3601 594 3667 ludos
616 3613 649 3668 et
670 3602 804 3668 classem
826 3601 959 3690 corripit
980 3592 1074 3688 ignis.

231 3703 436 3786 Quaeruutur
456 3718 547 3771 sexto
568 3707 682 3773 Manes
702 3721 732 3774 et
752 3709 888 3772 Tartara
912 3704 1009 3771 Diris.

235 3805 395 3892 Septimus
418 3805 551 3876 Aenean
578 3812 683 3878 reddit
704 3806 850 3877 fatalibus
871 3809 969 3876 arvis.

234 3911 277 3976 Pi
279 3923 403 3999 aeparat
424 3925 538 3979 octavo
559 3914 698 3998 bellum,
725 3927 759 3980 et
780 3939 858 4003 quos
879 3916 982 3982 mittat
1001 3916 1035 3982 iu
1057 3915 1172 3982 hostes.

235 4017 353 4082 Nouus
374 4018 468 4085 habet
488 4045 624 4110 pugnas,
651 4043 712 4085 nec
732 4021 818 4085 adest
839 4022 937 4088 dux'
925 4045 995 4114 ipse
1016 4024 1182 4131 tumultus.

12 4189 14 4212 ξ
152 4129 193 4196 1ο
236 4122 367 4189 Occidit
388 4122 518 4192 Aeneae
538 4127 665 4192 decimo
686 4128 896 4193 Mezentius
886 4153 944 4195 ira.

235 4227 421 4294 Undecimo
442 4230 526 4298 victa
547 4243 683 4298 estnon
704 4253 805 4320 aequo
826 4234 933 4300 Marte
954 4234 1102 4301 Camilla.

235 4333 440 4402 Duodecimo
462 4334 594 4406 Turnus
619 4339 739 4407 divinis
758 4339 1004 4406 occidit'armis.
