2992 4826
678 271 732 350 ‘93

159 469 225 540 405
317 464 382 532 His
402 483 544 530 mersere
563 461 671 533 malis.
721 459 869 529 Fratrem
887 481 931 524 ne
951 457 1079 540 desere,
1106 455 1213 524 fiater.

321 569 505 636 Poenarum
527 566 715 634 exhaustum
734 564 807 632 satis
822 577 877 648 est,
898 563 953 629 via
974 560 1054 628 facta
1073 585 1131 649 per
1151 563 1266 642 hostes',

321 675 366 742 Et
385 697 483 761 genus
504 672 648 738 invisum
668 669 780 734 dextra
799 667 856 748 sub
878 668 1013 732 Tartara
1033 666 1120 732 misi.

200 765 202 772 ’
320 777 479 847 Iamiam
499 776 587 844 nulla
606 795 701 838 mora
723 784 785 862 est,
807 795 917 838 currus
935 771 1052 860 agitare
1072 771 1225 839 volantes.

385 948 501 1015 Iason.
542 941 712 1011 Nuntius.
757 941 882 1040 Medea
902 964 943 1007 ex
963 940 1042 1008 alto.
1150 955 1155 968 ·

267 1099 298 1164 Ι.
320 1095 387 1164 Hei
406 1091 506 1160 mihi!
528 1090 605 1178 quid
624 1101 711 1156 tanto
731 1088 896 1156 turbantur
915 1086 1044 1152 moenia
1064 1087 1174 1156 lucto?

156 1211 220 1280 tto
321 1202 546 1292 Quaecumque
553 1209 598 1262 est
604 1194 741 1278 fortuna,
755 1216 829 1259 mea
838 1205 892 1256 est.
907 1191 996 1278 Quid
1004 1192 1141 1279 denique
1151 1198 1267 1261 restat?

322 1310 387 1376 Dic
408 1330 479 1394 age:
500 1323 639 1388 namque
659 1302 743 1366 mihi
765 1298 866 1365 fallax
884 1298 970 1365 haud
991 1309 1064 1364 ante
1082 1313 1235 1387 repertus.

241 1414 295 1483 N·
319 1416 372 1481 En
393 1412 533 1504 perfecta
551 1408 611 1474 tibi
631 1407 791 1498 promissa
813 1402 955 1491 coniugis
976 1415 1043 1468 arte

321 1519 475 1600 Munera,
497 1527 528 1581 at
548 1514 712 1601 ingentem
731 1514 854 1578 luctum
873 1533 916 1574 ne
937 1530 1050 1594 quaere
1070 1509 1216 1576 tuorum!

323 1624 388 1690 Sed
408 1624 437 1688 si
456 1635 558 1688 tantus
577 1643 671 1684 amor
691 1617 809 1701 menti,
837 1614 867 1680 si
885 1625 972 1679 tanta
993 1611 1108 1700 cupido
1130 1627 1185 1698 est,

156 1735 219 1806 415
316 1728 502 1819 Expediam
523 1725 631 1806 dictis,
652 1735 682 1787 et
701 1735 733 1786 te
753 1734 805 1786 tua
825 1718 888 1783 sata
910 1716 1041 1781 dooeb0.

188 1829 189 1832 ¹
322 1835 502 1921 Conspectu
520 1829 558 1894 in
578 1826 712 1910 mediO,
736 1848 810 1888 cum
833 1824 917 1887 dona
933 1821 1101 1908 inponeret
1121 1821 1195 1908 aris,

321 1937 394 2004 Ah!
423 1938 517 2023 virgo
540 1933 673 2011 infelix,
694 1931 803 1996 oculos
824 1930 942 1995 deiecta
962 1928 1105 2011 decoros,

321 2041 477 2128 Undique
498 2039 694 2106 conveniunt
714 2060 772 2127 per
792 2035 907 2102 limina
926 2045 990 2098 tota
1011 2030 1188 2122 frequentes

323 2148 445 2214 Matres
466 2157 560 2233 atque
580 2144 663 2228 viri,
690 2143 913 2229 cumulantque
934 2140 1042 2205 altaria
1064 2140 1168 2206 donis.

321 2252 491 2338 Religione
514 2262 643 2340 patrum
663 2247 803 2314 biforem
826 2247 878 2313 dat
897 2244 974 2312 tibia
995 2258 1133 2330 cantum,

322 2360 409 2425 Cum
431 2356 534 2421 subito
556 2354 701 2442 dictuque
722 2353 823 2420 oritur
842 2353 992 2421 mirabile
1012 2365 1204 2419 monstrum.

321 2465 407 2530 Ecce
427 2461 509 2526 levis
532 2483 663 2525 summo
685 2459 876 2525 descendere
897 2481 1033 2548 corpore
1049 2458 1145 2546 pestis

321 2567 441 2657 Incipit
461 2591 498 2633 ac
518 2567 593 2634 totis
615 2567 798 2634 Vulcanum
818 2563 1085 2654 spargere-rectis.

319 2675 515 2764 Regalesque
535 2697 665 2738 accensa
685 2695 811 2756 comas,
837 2692 965 2736 accensa
987 2692 1143 2736 coronam

322 2781 475 2846 Membra
496 2780 722 2867 sequebantur,
749 2791 832 2844 artus
853 2799 942 2841 sacer
962 2775 1045 2862 ignis
1064 2777 1185 2843 edebat.

322 2885 505 2972 Diffugiunt
527 2883 674 2967 comites,
695 2895 726 2948 et
747 2906 826 2970 quae
846 2882 908 2948 sibi
929 2882 1060 2968 quisque
1083 2882 1226 2967 timebat,

323 2993 424 3055 Tecta
444 3002 533 3054 metu
553 2989 687 3076 petiere,
716 3000 747 3053 et
765 2988 812 3051 sio
831 2986 888 3050 ubi
910 3007 1052 3051 concava
1071 2983 1185 3050 furtim

248 3131 254 3153 .
327 3097 411 3158 Saxa
430 3103 554 3179 petunt,
573 3089 653 3155 furit
671 3091 814 3154 inmissis
835 3091 999 3156 Vulcanus
1020 3090 1161 3153 habenis.

324 3201 395 3264 Neo
415 3197 503 3262 vires
522 3195 697 3261 herbarum
717 3191 883 3280 infusaque
902 3193 1038 3260 flumina
1058 3209 1193 3284 prosunt

321 3301 548 3390 Quaesitaeque
568 3313 685 3366 nocent
705 3313 803 3384 artes,
823 3300 1006 3366 miserabile
1028 3299 1129 3366 dictu!

322 3413 384 3480 Illa
402 3431 461 3498 per
482 3420 513 3473 et
533 3406 681 3498 scopulos
703 3405 886 3494 aditumque
905 3429 964 3496 per
985 3405 1057 3472 avia
1078 3409 1210 3494 quaerit,

323 3517 406 3584 Arte
426 3535 513 3580 nova
533 3515 690 3598 speculata
714 3514 840 3596 locum,
868 3512 1058 3600 paribusque
1082 3516 1226 3584 revinxit

325 3621 520 3710 Serpentum
540 3619 635 3708 spiris
656 3631 864 3707 ventosasque
885 3617 1006 3684 addidit
1026 3621 1105 3686 alas:

323 3727 411 3792 Ense
430 3725 511 3792 levis
533 3725 620 3792 nudo
641 3726 787 3816 perfusos
803 3707 957 3813 sanguine
979 3749 1100 3792 currus.
1145 3793 1148 3800 ,

160 3841 224 3913 435
276 3835 306 3902 1.
327 3831 402 3918 Quo
415 3853 536 3918 sequar,¹
552 3843 602 3896 aut
616 3833 691 3918 quid
705 3832 772 3902 iam
784 3831 903 3906 misero
912 3832 996 3902 mihi
1006 3831 1141 3920 denique
1151 3835 1268 3900 restat?

324 3937 383 4004 Me
402 3960 476 4021 me,
497 3938 610 4002 adsum
631 3938 685 4024 qui
703 3937 782 4022 feci,
803 3937 838 4003 in
859 3961 914 4004 me
931 3938 1042 4004 omnia
1063 3939 1124 4004 tela

209 4058 232 4075 “·
308 4043 494 4125 .Coniicite,
517 4043 600 4132 hanc
620 4044 763 4110 animam
784 4059 982 4132 quocumque
1002 4043 1157 4119 absumite
1172 4044 1245 4111 loto.

324 4150 460 4216 Frineris
479 4151 542 4217 heu
561 4147 622 4214 tibi
642 4169 734 4218 causa
752 4147 905 4222 sui!.·dux
926 4149 1048 4226 semina
1069 4149 1151 4214 sacti.
1263 4210 1268 4228 ,

244 4259 296 4326 Μ.
322 4258 397 4323 Huo
415 4257 559 4344 geminas
580 4277 667 4320 nunc
684 4255 774 4320 flecte
794 4259 885 4344 acies,
907 4271 937 4324 et
957 4257 1058 4328 conde
1078 4255 1224 4340 sepulot'O

160 4369 224 4438 440
320 4363 468 4454 Corpora
487 4375 653 4454 natorum,
674 4383 751 4453 cape
771 4362 855 4431 dona
876 4377 1021 4436 extrema
1040 4373 1180 4452 tuorum·
