3002 4816
18 713 24 802 1

15 979 37 1074 r*

10 1381 22 1472 1

672 245 744 328 199

169 434 188 494 ’ἵ
192 435 213 497 5
255 427 298 494 Et
319 426 397 492 dum
417 446 576 517 suspenso·
588 431 696 498 solatia
717 431 838 520 quaerit
858 434 973 518 amori,

251 533 343 597 Dum
363 533 447 612 flet,
459 532 551 616 q'uocl
563 555 637 600 aero
657 536 765 602 veniat
785 535 846 604 sibi
866 551 953 626 grata
974 539 1131 630 voluptas,

252 637 337 703 Ecce
356 634 480 720 furens,
508 651 580 725 post
598 639 698 722 bella,
724 640 815 724 deus,
834 657 906 732 post
925 646 1060 733 praelia,
1081 647 1185 714 victor

251 739 359 805 Victus
384 764 495 806 amore
515 743 610 810 redit.
650 744 718 812 Cur
737 753 839 830 gestas
860 745 966 814 ferrea
988 751 1071 820 tela?

132 891 136 902 .
249 843 301 908 Ne
320 857 439 912 metuat
460 846 597 934 Cypria,
617 861 759 914 comtum
781 845 870 915 decet
890 849 939 918 ire
960 855 1081 920 rosetis.

163 959 206 1020 80
248 948 305 1014 Ah
326 950 469 1036 quotiens
490 950 611 1038 Paphie
643 953 769 1018 vultum
790 955 924 1020 mentita
942 955 1077 1026 furentis

246 1052 388 1118 Lumine
409 1076 566 1118 converso
585 1079 694 1122 serum
710 1058 866 1124 incusavit
887 1068 1063 1130 amantem!

247 1155 392 1224 Verbera
412 1182 505 1246 saepe
526 1158 637 1226 dolens
657 1162 788 1228 mentita
807 1174 852 1228 est
873 1163 976 1232 dulcia
996 1180 1080 1236 serto

245 1259 332 1344 Aut,
351 1276 387 1328 ut
402 1261 484 1328 forta
505 1262 606 1349 magis
627 1287 777 1330 succenso
797 1263 903 1334 Marte
923 1270 1071 1358 placeret,

243 1365 405 1432 Admovit
425 1366 539 1432 teneris
558 1369 753 1456 suspendens
775 1373 881 1438 oscula
908 1374 1017 1456 labris,

157 1478 203 1541 85
246 1471 318 1537 Neo
337 1483 439 1538 totum
459 1471 628 1538 effundens.
644 1473 757 1538 medio
773 1474 936 1552 blanditur
956 1503 1076 1546 amore.

244 1571 370 1642 Decidit
390 1589 442 1642 aut
462 1577 563 1664 posita
583 1588 631 1642 est
649 1576 785 1643 devictis
802 1577 909 1644 lancea
929 1583 1056 1668 palmis,

240 1679 283 1745 Et
301 1679 380 1746 dum
401 1679 484 1747 forte
504 1680 602 1762 cadit,
629 1691 742 1766 myrto
763 1681 918 1751 retinente
938 1687 1097 1774 pependit.

238 1784 359 1850 msam
380 1786 475 1867 tolle,
496 1807 594 1872 puer3
615 1785 739 1870 galeam
760 1796 810 1867 111,
833 1787 960 1869 Gratia,
981 1789 1081 1872 solve,

239 1889 328 1954 Haec
347 1891 435 1954 laxet
453 1887 574 1969 nodos,
598 1887 675 1952 haec
696 1886 825 1952 vincula
841 1887 946 1955 ferrea
965 1906 1103 1980 rumpat,

154 1999 197 2066 W
238 1993 361 2060 Solvite
382 1992 555 2080 Bybliades
572 1987 722 2079 praeduri
749 1995 1010 2076 pectoraMartir

238 2095 435 2181 Loricaeque
455 2102 578 2176 morae,
595 2116 662 2188 [vos
683 2105 768 2162 scuta
790 2107 820 2162 et
838 2099 901 2162 tela
919 2109 1029 2164 tenete.

235 2199 333 2264 Nunc
352 2200 455 2266 violas
474 2211 608 2266 tractare
629 2198 731 2279 decet,
756 2198 886 2285 laetare,
908 2202 1044 2291 Cupide,

187 2333 194 2349 ·
235 2303 433 2372 Terribilem
454 2304 582 2370 Divum
601 2314 660 2368 tuo
679 2303 748 2366 solo
770 2303 903 2370 numine
923 2305 1061 2372 victum.

233 2408 298 2475 Pro
320 2409 390 2475 telis
411 2409 523 2492 flores,
550 2432 611 2496 pro
633 2406 725 2473 scutis
746 2418 874 2495 myrtea
893 2423 985 2494 serta,

149 2522 191 2589 95
232 2513 276 2580 Et
293 2537 367 2580 rosa
387 2511 470 2580 forte
489 2524 582 2578 nocet
608 2512 728 2598 gladius
750 2537 846 2600 quem
875 2513 945 2580 iura
972 2514 1167 2584 tremiscunt.

228 2619 335 2686 Iverat
355 2619 534 2684 adlectum
554 2617 706 2698 Mavors,
729 2630 759 2682 et
778 2618 921 2705 pondere
943 2619 1025 2685 duro

230 2725 377 2788 Floribus
397 2722 585 2786 incumbens
610 2735 717 2788 totum
736 2722 876 2788 turbarat
895 2723 1066 2788 honorem.

228 2828 298 2892 Ibat
313 2827 448 2914 pulchra
468 2826 579 2892 Venus
599 2827 660 2894 vix
679 2850 788 2915 presso
810 2826 926 2913 pollice
947 2841 1033 2892 cauta

229 2931 255 2994 F
257 2931 346 2995 lorea
363 2954 405 2994 ne
424 2943 545 2995 teneras
566 2931 725 2996 violarent
744 2930 865 3016 spicula
882 2931 1017 3016 plantas,

146 3048 209 3107 100
230 3036 273 3100 Et
292 3054 378 3098 nuno
395 3033 575 3114 innectens,
595 3057 638 3098 ne
658 3045 811 3119 rumpant
830 3033 975 3114 vincula,
1002 3032 1135 3116 crinem,

228 3139 324 3203 Nunc
344 3149 447 3202 vestes
467 3137 591 3204 fluitare
611 3137 735 3220 sinens,
758 3135 820 3202 vix
839 3137 913 3202 laxa
933 3148 1077 3220 retentat,

227 3244 315 3309 Cum
337 3265 396 3306 nec
415 3255 482 3310 tota
502 3243 576 3308 latet
594 3264 654 3308 nec
672 3253 737 3308 tota
758 3239 1050 3333 enudatamorem.

180 3361 187 3367 ’
224 3349 283 3412 Ille
304 3347 387 3414 inter
407 3348 503 3414 flores
524 3344 601 3412 furti
621 3347 784 3414 velamine
803 3357 900 3412 rectus
1036 3341 1037 3346 ¹

228 3453 354 3540 Spectat
374 3452 465 3523 hians
484 3450 651 3518 Venerem
671 3465 817 3540 totusque
839 3450 954 3518 ardore
975 3450 1137 3518 tremiscit.

143 3568 205 3630 105
225 3556 374 3622 incubuit
393 3554 482 3621 lectis
503 3557 633 3644 Paphie.
676 3561 781 3641 Proh,
802 3569 908 3624 sancte
929 3555 1065 3643 Cupido,

108 3661 110 3668 ’
224 3660 332 3745 Quam
354 3661 483 3726 blandas
506 3684 616 3747 voees,
637 3687 717 3752 quae
730 3679 808 3732 tunc
828 3663 874 3729 ibi
897 3682 1066 3726 murmura
1087 3657 1239 3726 fundunt!

190 3785 192 3790 ·
226 3767 343 3832 Oscula
365 3766 535 3852 permixtis
556 3791 634 3853 quae
653 3783 727 3835 tunc
748 3771 849 3836 fixere
870 3764 1009 3832 labellis!

224 3870 333 3955 Quam
352 3871 435 3938 bene
455 3873 607 3938 consertis
634 3873 800 3939 haeserunt
820 3874 936 3940 artibus
958 3872 1056 3936 artus!

154 3989 157 3994 '
222 3976 401 4063 Stringebat
423 3975 562 4064 Paphiae
582 3975 716 4042 Mavors
743 3989 818 4042 tunc
837 3987 968 4064 pectora
997 3973 1116 4053 dextra,

140 4097 201 4154 110
222 4084 272 4164 Et,
294 4082 378 4146 collo
399 4082 554 4146 innexam
573 4105 615 4148 ne
635 4083 759 4147 laedant
777 4081 920 4170 pondera
939 4079 1076 4158 laevam,

222 4186 309 4252 Lilia
332 4209 408 4250 cnm
426 4207 526 4251 rosera
549 4186 698 4274 supponit
726 4186 859 4252 candida
878 4184 981 4250 sertia.

223 4289 320 4378 Saepe
348 4292 415 4357 leri
435 4291 538 4360 cruris
562 4302 644 4358 tactu
663 4290 830 4380 permovit
846 4301 1006 4356 amantem
