2992 4826
648 237 697 308 53

205 428 332 496 Taurus
353 439 437 494 amat
456 447 590 514 gramen
597 437 729 521 ,mutata
750 449 884 517 carpere
901 427 1005 513 valle,

247 535 291 600 Et
311 529 379 598 fera
399 533 526 599 mutatis
547 510 679 600 sustinet
700 555 757 598 ora
778 532 868 600 cibis.

110 650 139 716 5
204 639 275 730 lpsa
297 638 363 704 dies
384 637 459 704 ideo
479 661 538 704 nos
558 653 647 728 grato
668 641 786 727 perluit
808 638 930 722 haustu,

247 741 344 830 Quod
364 745 549 834 permutatis
570 746 652 812 hora
671 742 808 812 recurrit
830 743 927 831 equis.

628 894 711 968 147·
725 931 727 936 ¹

585 1001 758 1068 Petronii.

223 1102 321 1172 Uxor
340 1103 501 1192 legitimus
523 1105 616 1173 debet
636 1107 724 1195 quasi
745 1127 855 1172 census
878 1111 995 1176 amari:

267 1207 340 1276 Neo
360 1231 491 1278 censum
512 1211 634 1278 vellem
654 1235 783 1301 semper
803 1234 911 1280 amare
931 1227 1055 1283 meum:

629 1358 713 1434 148.

573 1469 755 1540 Petronii.

157 1570 318 1655 Inveniat,
349 1573 434 1658 quod
456 1575 587 1664 quisque
609 1573 705 1639 velit:
738 1595 806 1637 non
838 1574 986 1639 omnibus
1008 1595 1110 1639 unum
1130 1589 1185 1660 est,

204 1677 300 1765 Quod
319 1679 432 1768 placet.
474 1679 540 1743 Hic
561 1677 669 1766 spinas
692 1677 828 1768 colligit,
848 1677 906 1743 ille
926 1700 1022 1744 rosas.

624 1825 710 1906 149·

586 1931 757 2000 Petronii.
857 1975 862 1987 ·

201 2039 291 2106 Nam
311 2037 396 2102 nihil
417 2049 473 2119 est,
495 2035 581 2122 quod
600 2059 668 2102 non
688 2033 877 2100 mortalibus
897 2032 1020 2130 adferat¹
1038 2055 1144 2107 usum:

242 2142 350 2208 Rebus
370 2141 407 2206 in
427 2140 588 2223 adversis,
610 2163 689 2228 quae
709 2140 849 2225 iacuere,
877 2142 1000 2210 iuvant.

11 2283 15 2416 q
201 2248 255 2313 Sic
275 2261 342 2313 rato
363 2247 508 2312 demersa
528 2242 658 2312 fulvum
681 2244 876 2335 deponderat
897 2271 1028 2314 aurumt

239 2355 423 2420 Remorum
442 2350 555 2416 levitas
576 2350 729 2439 naufraga
749 2353 898 2422 membra
921 2353 1020 2421 vehit.

11 2449 14 2550 l
110 2475 135 2541 5
201 2463 286 2528 Cum
306 2479 441 2522 sonuere
461 2456 569 2542 tubae,
589 2456 698 2545 iugulo
719 2470 778 2523 stat
800 2458 901 2523 divite
921 2456 1062 2527 fenum:
1129 2519 1132 2522 .

11 2555 12 2566 ἵ
239 2562 382 2632 Barbara
402 2573 563 2630 oontemtu
582 2565 703 2654 praelia
723 2586 847 2655 pannus
868 2562 971 2629 habet.

632 2711 715 2787 150.

585 2819 755 2888 Petronii.

198 2929 326 3015 Linque
344 2937 413 2992 tuas
433 2926 522 2990 sedes
547 2924 710 3010 alienaque
729 2926 825 2994 litora
845 2929 979 3016 quaere,¹

200 3033 233 3100 Ο
251 3031 395 3096 iuvenis:
416 3030 523 3094 maior
542 3051 655 3094 rerum
675 3028 734 3092 tibi
754 3029 893 3094 nascitur
914 3030 1008 3095 ordo.

198 3139 254 3204 Ne
275 3132 577 3212 suocumbemalis3
597 3143 629 3194 te
648 3131 780 3194 noverit
798 3130 928 3194 ultimus
948 3133 1040 3214 Ister,

198 3241 251 3307 Te
271 3243 390 3308 Boreas
410 3237 534 3326 gelidus
557 3243 728 3320 securaque
747 3254 846 3320 regna
871 3235 1005 3325 Canopi,

203 3348 330 3436 Quique
349 3336 568 3411 renascentem
580 3337 749 3406 Phoebum
771 3351 967 3428 cernuntque
988 3338 1161 3411 cadentem.

200 3453 309 3520 Maior
329 3451 365 3518 in
384 3464 531 3518 externas
549 3448 674 3514 Ithacus
697 3447 864 3512 descendat
884 3469 1004 3511 arenas.

505 3705 666 3775 Petronii
685 3703 832 3772 Arbitri.

200 3809 329 3880 Nobilis
347 3813 479 3880 aestivas
498 3815 640 3902 platanus
663 3810 832 3876 diffuderat
851 3808 990 3890 umbras,

199 3919 243 3985 Et
261 3917 364 3983 bacois
382 3919 532 3984 redimita
554 3919 678 4008 daphne
698 3915 914 4002 tremulaeque
935 3935 1106 4003 cupressus,

200 4023 246 4093 Et
266 4023 496 4090 ciromntonsae
517 4022 689 4110 trepidanti
711 4020 830 4086 vertice
849 4023 953 4110 pinus.

201 4128 269 4194 Has
288 4128 372 4194 inter
391 4128 519 4193 ludebat
539 4127 626 4216 aquis
647 4127 822 4192 errantibus
843 4129 947 4193 amnis

120 4241 141 4308 5
206 4233 379 4323 Spumeus,
403 4247 433 4301 et
450 4231 582 4322 querulo
605 4231 749 4298 versabat
768 4257 843 4300 rore
863 4236 999 4325 lapillos.

204 4339 329 4426 Dignus
350 4363 461 4410 amore
480 4339 584 4426 loom,
606 4338 690 4407 testis
710 4339 854 4409 silvester
876 4340 980 4407 ae'don
