3000 4820
547 331 550 342 ,
598 231 802 336 m

242 418 327 484 esua
347 417 430 483 mihi
453 418 678 506 uomitumque
689 416 772 483 soret
791 441 883 498 nunc,
896 437 958 484 uua
976 441 1132 488 mearum.

242 521 390 610 Namque
409 545 467 608 ego
482 547 568 588 nunc
587 525 697 610 ignara
709 524 816 606 huius,
839 524 1060 611 quodcumque
1070 529 1181 615 pericli
1198 546 1252 616 est,

239 627 325 692 Cum
347 623 551 694 tacet'omnis
572 651 662 715 ager,
686 640 815 692 noctem
830 651 897 695 non
913 629 1049 716 amplius
1071 651 1184 718 unam,

157 735 199 800 45
242 728 411 797 Connubio
432 734 562 820 iungam
582 731 686 796 stabili
706 731 934 820 propriamque
953 733 1075 798 dicabo.
1123 729 1127 736 ’
1172 757 1176 766 ·

241 835 304 900 1110
325 837 534 924 Hymenaeus
556 837 616 901 erit
635 847 881 900 monumentum
901 849 931 901 et
949 838 1062 925 pignus
1083 829 1212 906 amosis.

239 941 364 1030 Incipe,
385 943 413 1006 si
436 965 495 1030 qua
515 941 625 1006 animo
646 952 692 1005 eet
711 939 828 1022 virtus,
855 953 884 1004 et
906 963 1035 1008 oousere
1056 945 1210 1029 dextram,

240 1045 411 1128 Occultum
431 1047 575 1135 inspires·
587 1046 713 1132 ignem,
731 1044 922 1134 paribusque
941 1067 1092 1132 rogamus
1299 1035 1306 1044 ¹

241 1149 406 1238 Auspiciis
426 1152 516 1216 liceat
537 1151 635 1216 Frido
655 1173 787 1216 servare
811 1150 944 1224 marito,

155 1265 197 1322 50
240 1252 301 1318 Oui
321 1269 430 1320 ustam
448 1257 573 1343 egregio
593 1279 711 1342 genero
731 1254 895 1342 dignisque
914 1255 1109 1346 hymenaeis,

239 1357 301 1422 Dat
320 1370 411 1445 pater
431 1371 464 1423 et
479 1383 596 1448 ‚parem
617 1361 699 1425 hanc
718 1372 845 1426 aeterno
865 1358 995 1423 foedere
1014 1360 1121 1449 iungit

239 1463 330 1528 Paret
351 1464 460 1531 Amor
481 1467 571 1531 dictis
593 1487 684 1529 carae
700 1462 865 1548 genetricis
887 1474 917 1526 et
937 1457 999 1528 alas

239 1569 338 1634 Exuit
359 1583 389 1636 et
406 1554 516 1658 gressu
535 1571 672 1658 gaudens
693 1568 816 1632 sicone
836 1569 972 1632 locutus:
1052 1599 1053 1604 1

239 1673 369 1755 Mecum
391 1677 451 1740 erit
470 1677 528 1740 iste
549 1675 658 1756 labor,
679 1672 706 1736 si
727 1671 802 1758 quid
824 1691 896 1744 mea
917 1673 1051 1737 numina
1069 1687 1209 1760 possunt.

156 1791 198 1852 55
240 1778 334 1844 011111
348 1780 433 1844 dabit
456 1779 740 1866 ampiexus'atque
762 1776 867 1838 oscula
889 1775 991 1840 dulcia
1012 1775 1102 1862 figet,
1132 1769 1135 1776 ’

105 1881 106 1884 ’
236 1884 469 1970 Iumisoentque
490 1905 602 1946 manus
623 1878 768 1944 manibus
788 1867 991 1966 pugnamque
1009 1883 1171 1964 lacessunt,

237 1989 402 2073 Nusquam
421 1988 534 2066 abero,
559 1987 685 2051 solitam
704 1985 872 2049 flammam
893 1983 996 2071 (datur
1016 1986 1096 2052 hora
1117 1986 1224 2074 quieti)
1298 1994 1305 2015 ‘

243 2093 385 2178 Desuper
405 2089 591 2173 infundam,
618 2103 648 2156 et
671 2102 721 2155 tua
741 2089 769 2153 si
786 2087 874 2154 mihi
890 2101 973 2154 certa
993 2090 1148 2176 voluntas,

240 2197 361 2263 Omnia
386 2197 532 2285 praecepi
561 2209 651 2282 atque
672 2194 780 2259 animo
802 2185 930 2260 mecum
950 2206 1023 2259 ante
1041 2197 1169 2283 peregi3

75 2389 78 2396 Δ
156 2311 197 2372 60
241 2291 370 2366 Sentiet:
399 2313 489 2386 atque
509 2301 654 2366 animum
677 2301 833 2386 praesenti
851 2301 986 2409 pignore
1007 2299 1124 2366 firmat.

238 2407 296 2471 1113
317 2395 439 2487 autem,
459 2405 663 2493 nequeenim
684 2403 757 2492 fuga
776 2404 843 2468 iam
861 2428 955 2493 super
976 2408 1040 2472 nlla
1061 2405 1174 2494 pericli
1195 2418 1251 2492 est,

241 2512 372 2598 Cogitur
393 2524 421 2575 et
442 2512 577 2599 supplex
596 2511 721 2578 animos
743 2509 925 2575 submittere
946 2511 1059 2592 amori,

240 2619 399 2704 Spemque
419 2615 505 2680 dedit
525 2615 654 2680 dubiam
674 2613 773 2678 menti
794 2614 951 2702 solvitque
972 2617 1139 2704 pudorem.

148 2697 159 2716 ’
238 2724 337 2786 11111111
357 2720 460 2784 turbat
479 2743 589 2804 amor,
613 2743 756 2800 ramum,
778 2719 831 2804 qui
853 2733 939 2785 veste
960 2721 1081 2803 latebat,

158 2837 199 2900 65
240 2824 346 2912 Eripit
365 2845 383 2886 3
403 2821 524 2886 semiue
543 2836 573 2888 et
592 2824 737 2910 flagranti
756 2822 899 2888 fervidus
920 2824 1028 2890 infert.

239 2933 268 2995 It
287 2950 382 2992 cruor
401 2925 497 3010 inque
517 2927 667 2992 humeros
689 2927 801 2990 cervix
822 2927 961 3014 collapsa
981 2927 1147 2992 recumbit.

241 3034 302 3100 His
323 3032 455 3096 demum
476 3031 591 3094 exactis
610 3030 773 3114 geminam
795 3029 880 3094 dabit
901 3031 960 3094 Ilia
980 3033 1129 3118 prolem,
1202 3053 1206 3064 ·

241 3143 337 3207 Laeta
357 3135 454 3200 deum
476 3146 584 3224 partu,
606 3144 731 3196 eentum
753 3135 922 3222 complexa
941 3147 1080 3222 nepotes.

663 3367 747 3438 383·

534 3527 536 3534 ·
629 3481 780 3559 Luxurii
805 3509 824 3538 ὓ
890 3521 891 3528 “

522 3621 555 3670 de
574 3618 668 3670 balneo
684 3604 796 3672 1111111101
812 3586 890 3694 regis.

320 3755 461 3821 Hiidrici
480 3753 562 3840 regis
585 3753 681 3839 fulget
701 3743 849 3820 mirabile
870 3751 989 3820 factum

364 3860 461 3940 Arte,
483 3881 593 3947 opere,
613 3859 758 3945 ingenie,
779 3859 915 3944 divitiis,
928 3857 1048 3947 pretio.
1114 3865 1118 3873 '
1185 3927 1188 3935 Ι

321 3965 409 4032 Hinc
428 3963 534 4028 radios
554 3966 602 4028 sol
621 3965 689 4052 ipse
709 3965 808 4055 capit,
835 3987 913 4050 quos
934 3961 1009 4028 huie
1029 3957 1103 4025 dare
1122 3958 1229 4047 possit,

365 4065 476 4132 Altera
496 4065 709 4133 marmoribus
731 4069 868 4138 creditur
889 4091 956 4132 esse
976 4065 1052 4131 dies.

161 4191 181 4249 5
330 4171 398 4239 1110
418 4165 584 4236 sine'nube
602 4174 721 4256 solum,
743 4173 801 4238 nix
820 4173 924 4237 iuncta
937 4183 968 4236 et
988 4156 1094 4258 sparsa
1114 4177 1251 4250 putatur:

365 4277 456 4342 Dum
476 4277 611 4368 steteris,
633 4278 739 4343 credas
760 4301 905 4364 mergere
927 4297 1017 4380 posse
1038 4267 1143 4360 peden
