2992 4826
672 217 725 296 65

390 453 393 459 Δ
411 411 622 498 (tumulatque
643 415 755 482 altaria
776 413 878 482 donn.

409 519 569 585 Tremere
590 521 701 586 omnia
722 519 793 586 visa
811 533 950 608 repente,

405 626 523 693 Fibrae
544 647 698 714 apparere
718 624 870 708 minaces,

407 733 487 798 Vox
507 729 630 798 reddita
650 727 753 794 fertur
774 731 813 795 ed
834 754 942 798 aureae

406 834 575 902 Thalamis
594 857 660 900 neu
681 834 776 898 crede
795 839 925 925 paratis,

406 945 516 1010 Funus
537 939 666 1018 crudele
686 939 824 1006 videbis.

266 1089 269 1097 .
408 1048 590 1136 Carpebant
604 1044 760 1124 ¹membre
780 1048 931 1133 quietern,¹

344 1195 348 1210 ·
375 1191 378 1208 ι
407 1151 579 1228 Animalia
598 1174 731 1216 somnus
751 1151 896 1222 habebat.
978 1205 992 1230 ι,

407 1257 513 1326 Ferali
535 1257 679 1324 carmine
699 1255 786 1325 bubo

405 1363 446 1430 In
465 1362 580 1430 fletum
604 1363 721 1430 ducere
740 1387 853 1453 voces,

268 1503 271 1512 ·
406 1469 529 1538 Tristes
551 1470 715 1536 denuntiat
733 1472 809 1538 iras.

402 1573 495 1661 Quae
515 1586 599 1640 teuta
619 1575 760 1660 insania,
781 1576 879 1662 cives,

406 1679 514 1746 Veluti
535 1680 637 1768 capita
655 1682 767 1767 remis,

408 1785 571 1853 Thalama
592 1785 748 1852 deducere
768 1785 882 1869 adorti,

216 1934 220 1945 ·
321 1929 323 1937 s
407 1891 535 1977 Quaeso
554 1889 749 1956 miserescite
769 1889 865 1974 regis.

265 2035 269 2046 ·
404 1995 572 2062 Recubaus
588 1993 647 2058 sub
666 1992 810 2081 tegmine
829 1991 896 2082 fagi

406 2099 533 2166 Divino
555 2099 699 2166 carmine
718 2111 825 2188 pastor

406 2201 510 2275 Vocat
529 2203 566 2269 in
586 2203 761 2270 certamine
785 2203 880 2274 divos
979 2265 982 2277 ,
1042 2247 1048 2284 ,

405 2310 513 2379 Remo
533 2308 888 2400 frondentepepeudit.

405 2415 497 2502 Quae
516 2427 547 2482 te
569 2416 730 2485 dementia
750 2416 834 2506 cepit

404 2523 484 2590 Saxi
504 2523 545 2590 de
565 2523 687 2592 vertice
707 2533 819 2613 pastor

403 2630 529 2698 Divina
548 2629 688 2696 Palladis
709 2633 777 2697 art'e

262 2773 267 2804 ;
402 2737 572 2802 Phoebum
592 2757 744 2824 asperare
764 2731 929 2802 emendet

391 2841 537 2931 Raptim
560 2851 643 2908 secat
663 2862 736 2906 aera
755 2840 873 2928 pinnis,
953 2891 956 2898 ·

405 2945 543 3031 Fugiens
566 2945 693 3012 Minoia
713 2964 827 3029 regna,

405 3049 514 3116 Ausus
536 3073 571 3113 se
592 3047 845 3128 eredere‘coeln

261 3201 264 3210 r
403 3152 581 3238 Vitemque
600 3149 754 3233 relinquit
775 3148 813 3212 in
833 3159 936 3214 aurae

317 3295 319 3302 ·
384 3262 550 3333 ,Demens
567 3254 661 3322 ¹videt
681 3253 810 3342 agmina
830 3255 986 3322 Pentheus

405 3365 510 3454 Caput
521 3360 680 3430 *avertice
700 3361 878 3447 revulsum,

403 3471 551 3538 Incensas
575 3481 704 3560 pectore
724 3465 853 3553 matres,

404 3577 510 3643 Vocat
529 3576 657 3664 agmina
669 3559 772 3642 'saeva
795 3585 958 3660 sororum,‘

403 3683 562 3750 Iuvenem
582 3705 726 3772 sparsere
745 3704 804 3770 per
827 3704 931 3769 agros.

525 3851 660 3922 Medea.
706 3849 854 3920 Nutrix.

225 4003 277 4069 M.
299 4001 352 4067 Eu
373 4001 449 4086 quid
470 4003 553 4087 ago?
574 3999 665 4086 vulgi
688 4021 768 4085 quae
789 4015 858 4064 vox
878 3996 1027 4086 pervenit
1046 3993 1087 4062 ad
1108 3997 1220 4061 aures?

136 4117 200 4178 150
297 4105 474 4193 Obstupui,
495 4127 675 4192 magnoque
695 4104 821 4168 irarum
840 4101 968 4169 fluctuet
987 4115 1070 4170 aestu

299 4213 408 4277 Dunss
430 4231 539 4292 amor,
559 4211 662 4277 taedet
684 4209 765 4274 coeli
786 4231 932 4276 convexa
952 4210 1045 4276 tueri.

300 4315 391 4401 Quae
410 4315 501 4404 potui
520 4313 655 4402 infelix5
679 4299 765 4404 quae
778 4327 899 4384 memet
919 4314 954 4384 iu
976 4310 1087 4384 omnia
1106 4307 1200 4390 verti,
