2992 4826
674 245 722 328 5'7

274 443 359 511 Vitis
380 409 524 512 adulator
543 445 628 536 picto
649 443 730 510 iacet
748 443 853 510 ebrius
874 455 970 531 ostro,

270 553 313 621 Et
333 552 387 642 qui
405 552 552 618 sollicitat
570 561 698 640 nuptas,
725 551 765 614 ad
781 549 925 638 praemia
946 564 1063 640 peccet.

147 668 169 732 5
194 717 196 735 ,
274 659 349 724 Sola
369 656 527 748 pruinosis
548 656 659 722 horret
680 653 827 722 facundia
847 655 971 744 pannis,

271 762 379 852 Atque
398 761 490 853 inopi
508 761 618 850 lingua
639 761 774 828 desertas
795 761 1038 830 invocatores.

655 922 740 1002 163·

534 1039 695 1106 Petronii
714 1035 886 1116 Arbitri-3

229 1157 363 1224 Nomen
383 1155 541 1223 amicitiae
560 1154 604 1240 si,
626 1167 774 1243 quatenus
795 1156 947 1246 expedit,
972 1155 1089 1244 haeret,

275 1263 420 1330 Calculus
440 1261 476 1328 in
495 1261 600 1328 tabula
620 1261 744 1326 mobile
765 1261 851 1330 ducit
870 1285 961 1352 opus.
1107 1333 1110 1343 .

232 1371 318 1437 Cum
339 1365 465 1432 fortuna
485 1380 609 1452 manet,
640 1369 770 1435 vultum
789 1373 940 1456 servatis,
970 1367 1089 1450 amici3
1190 1368 1191 1372 ’

275 1474 360 1539 Cum
381 1471 508 1554 cecidit,
528 1471 613 1561 turpi
635 1473 757 1539 vertitis
779 1498 836 1539 ora
858 1473 943 1562 fuga.

145 1590 168 1653 5
231 1577 326 1650 Grex
346 1577 407 1663 agit
427 1575 464 1642 in
481 1597 575 1642 scena
596 1579 755 1662 mimum,
775 1577 871 1667 'pater
892 1578 947 1643 ille
963 1589 1106 1661 vocatur,

270 1679 370 1746 Filius
391 1681 460 1766 hic,
487 1706 609 1749 nomen
631 1685 739 1751 divitis
760 1684 816 1750 ille
833 1695 927 1748 tenet.

230 1785 315 1852 Mox
334 1785 391 1850 ubi
411 1787 561 1856 ridendas
581 1789 710 1854 inclusit
730 1787 844 1876 pagina
865 1795 977 1872 partes,

271 1890 360 1968 ¹Vera
379 1891 464 1958 redit
482 1889 595 1977 facies,
624 1892 803 1956 assimulata
823 1887 915 1979 perit.

654 2053 738 2130 164·

468 2225 472 2234 .
502 2162 507 2173 ⁸
532 2168 690 2236 Petronii
716 2165 864 2237 Arbitri.

372 2277 479 2362 Nolo,
506 2283 591 2368 quod
613 2283 723 2372 cupio,
749 2284 856 2368 statim
876 2289 993 2368 tenere,

372 2385 443 2450 Nec
463 2386 599 2455 victoria
618 2387 667 2454 mi
687 2388 789 2478 placet
808 2401 926 2479 parata.

533 2667 692 2735 Petronii
713 2665 862 2736 Arbitri.

352 2778 464 2867 Qualis
484 2803 552 2848 nox
572 2779 632 2848 fuit
652 2782 707 2848 illa
713 2833 723 2869 ,
747 2783 780 2848 di
802 2783 964 2872 deaequel¹

352 2885 461 2972 Quam
481 2888 589 2953 mollis
609 2873 713 2957 torus!
728 2889 892 2976 ¹haesimus
914 2890 1047 2954 calentes

352 2993 396 3057 Et
415 2991 642 3057 transfudimus
663 2993 741 3058 hino
762 3005 792 3056 et
811 2993 887 3055 hinc
908 2993 1029 3056 labellis

350 3095 503 3158 Errantes
528 3095 659 3160 animas.
701 3096 814 3160 Valete
838 3117 930 3158 curae

353 3195 522 3262 Mortales!
544 3219 603 3286 ego
624 3199 670 3263 sic
689 3197 797 3288 perire
817 3197 918 3288 coepi.

659 3361 744 3442 166.

536 3479 696 3546 Petronii
715 3477 866 3546 Arbitri.

232 3613 321 3702 Quid
340 3637 397 3681 me
415 3616 557 3705 spectatis
580 3617 746 3684 constricta
767 3616 888 3700 fi·onte,
917 3614 1061 3698 Catones,

276 3719 506 3808 Damnatisque
525 3745 630 3788 novae
649 3723 860 3813 simplicitatis
885 3725 987 3810 opus?

233 3823 398 3889 Sermonis
420 3825 493 3913 puri
513 3850 581 3893 non
600 3828 697 3894 tristis
718 3827 816 3915 gratia
836 3827 928 3910 ridet,

274 3929 432 4017 Quodque
452 3929 526 3997 facit
543 3935 695 4021 populus,
723 3931 857 3998 candida
877 3933 985 4017 lingua
1006 3927 1114 3996 refert.

147 4051 171 4114 5
232 4037 322 4104 Nam
343 4036 412 4124 quis'
433 4037 631 4121 concubitus,
659 4037 796 4104 Veneris
817 4037 895 4125 quis.
907 4037 1019 4124 gaudia
1039 4037 1160 4104 nescit?

277 4143 365 4233 Quid
385 4153 469 4208 vetat
488 4143 524 4208 in
543 4143 652 4232 tepido
672 4143 820 4208 membra
842 4143 946 4208 calere
964 4149 1059 4212 toro?
1093 4211 1095 4215 .

231 4251 305 4341 Ipse
325 4261 412 4340 pater
433 4249 506 4316 veri
527 4248 635 4314 doctus
656 4250 813 4339 Epicurus
833 4251 868 4316 in
892 4263 958 4316 arte

275 4357 383 4446 Iussit,
404 4368 435 4425 et
455 4355 536 4424 hanc
556 4354 659 4424 vitam
680 4356 762 4424 dixit
781 4357 898 4448 habere
919 4361 1005 4426 deos.
