2902 4840
662 305 664 312 ,
697 219 903 318 ..uu

759 420 846 492 822·
929 485 935 496 .

314 563 396 618 Anth.
413 561 447 615 Π·
468 557 525 613 ¹53·
559 553 682 613 senarius
705 557 785 608 rsriis
807 557 983 626 legationibus
1006 558 1109 610 iunctus
1135 568 1190 626 est,
1217 568 1247 612 et
1271 573 1372 618 unctus

247 655 373 722 dignitate
392 651 493 706 comitis
514 645 673 715 ,privatorum
693 662 710 696 s
727 644 899 702 Theoderico
915 661 978 714 rege
995 645 1155 702 Gothorum·
1190 652 1309 704 denarii
1333 656 1370 710 γ,

245 749 272 798 Ι.
295 742 403 796 comitis
420 735 582 810 patrimonii
604 742 634 789 st
653 733 773 801 patricii
792 733 973 805 epitaphium.
1001 734 1124 788 inscribit
1143 736 1307 794 sirmondus
1334 743 1369 794 ad

245 834 353 886 Avitum
370 831 544 884 Viennensem
560 840 588 890 p.
602 823 648 874 32.

312 921 339 972 4.
355 910 522 988 perlegunt]
541 912 663 974 torsus,
680 909 740 978 quie
755 907 784 960 id
795 910 935 980 'proprium
954 914 1158 983 desqusestore,
1173 915 1249 970 cuim
1266 935 1367 982 munus

246 1009 367 1065 Sensrius
384 1003 478 1058 tenuit.
492 1019 588 1072 regum
604 999 697 1064 vulgo.

311 1097 337 1150 5.
346 1094 471 1166 foederis
484 1089 626 1155 orator]i.
645 1105 670 1140 e.
685 1086 796 1155 legatus·¹

312 1201 352 1237 ιο.
369 1179 472 1247 strato]
489 1179 586 1246 fracta
601 1177 640 1231 ii.

311 1273 352 1324 ι5.
371 1268 474 1334 secans]
491 1266 627 1317 Pithoeus.
653 1283 766 1336 sequens
786 1267 881 1334 vulgo,'
907 1265 1009 1335 quod
1001 1285 1028 1318 ιιι
1045 1263 1117 1318 Add.
1137 1219 1171 1317 Τ
1190 1268 1227 1320 11.
1245 1285 1276 1336 p.
1298 1268 1365 1339 μᾷ,

240 1369 344 1432 petens,
358 1357 524 1427 proficiscens
542 1353 697 1424 explicatur,
712 1364 742 1408 ut
757 1356 830 1424 apud
846 1354 922 1424 Virg.
939 1353 1058 1410 Italiam
1070 1353 1140 1426 sato
1158 1359 1312 1428 sequimur.

754 1507 838 1580 823·

286 1601 389 1682 Anti.
406 1627 439 1680 11.
461 1624 519 1678 140.
552 1622 582 1675 in
599 1624 707 1688 eodem,
733 1640 784 1692 quo
802 1624 868 1674 haec
886 1621 997 1676 disticha
1012 1625 1153 1693 legunturj
1176 1637 1360 1683 monumento

238 1723 305 1774 haec
319 1717 457 1784 inscriptio
476 1720 564 1777 extat,
578 1728 658 1779 *quens
676 1727 717 1779 sp.
737 1711 869 1769 Oreilium
891 1727 996 1786 quoque
1015 1713 1050 1768 Τ.
1065 1713 1088 1766 1.
1105 1733 1133 1766 n.
1155 1715 1228 1768 ιι5ι.
1245 1716 1354 1768 inveni-

239 1828 305 1864 mus.
337 1808 453 1861 Anicioe
469 1801 615 1855 Faltonius
636 1799 756 1865 Probae,
781 1802 912 1868 Amnius,
934 1805 1059 1867 Picarias,
1085 1801 1251 1872 Aniciosque
1268 1805 1350 1856 deco-

239 1899 333 1960 ranti.
350 1895 466 1948 emendis
483 1893 579 1957 uxori,
595 1891 714 1945 consulis
724 1889 825 1957 filiae„
844 1888 984 1944 contulum
1002 1893 1100 1957 matri,
1115 1893 1232 1945 Anicius
1247 1891 1354 1944 Probi-

238 2004 289 2038 nus
309 1985 340 2037 V.
358 1987 393 2049 0.,
412 1981 505 2034 consul
522 1981 686 2044 ordinarius,
704 1990 732 2030 et
747 1979 985 2037 Aridusl’robus
1005 1979 1040 2032 V.
1060 1983 1107 2045 0.
1131 1990 1263 2051 quaestor
1279 2001 1352 2036 oon-

239 2076 366 2140 didatus,
390 2072 451 2141 filii
476 2070 593 2122 devincti
617 2069 748 2120 maternis
771 2069 875 2126 meritis
906 2071 1108 2124 dedicaverint.
1142 2068 1352 2139 Oudendorpius

237 2160 378 2235 utrumque
395 2159 527 2214 distichon
542 2173 601 2210 esse
619 2159 697 2215 linea
715 2157 926 2224 epigramatuss
941 2159 1124 2222 diversorum,
1150 2176 1215 2226 quas
1240 2160 1351 2229 dirupto

236 2250 324 2317 lepide
342 2249 487 2319 perierunt,
505 2255 601 2301 censet.
634 2246 751 2298 Primum
773 2245 905 2297 distichon
928 2247 961 2298 ad
984 2248 1068 2300 filium
1082 2248 1190 2306 Αιιίεἰιο
1206 2250 1350 2304 Faltoniss

236 2349 353 2405 spectare
369 2339 485 2388 videtur.

287 2431 325 2475 ι.
343 2423 536 2489 consimiles]'
526 2444 545 2475 1.
569 2441 594 2475 e.
614 2442 662 2493 ego
683 2425 754 2476 haud
771 2424 901 2476 dissimilis
927 2425 1052 2480 iratribus
1075 2426 1154 2490 meis,
1178 2427 1221 2494 qui
1247 2427 1350 2478 trabeis

236 2512 415 2564 consularibus
432 2511 518 2563 ornati
535 2519 600 2574 sunt,
616 2512 724 2562 tertium
742 2529 843 2576 munus,
861 2514 933 2579 quod
950 2514 1083 2581 reliquum
1101 2523 1164 2578 erat,
1180 2517 1279 2584 accepi.

301 2615 327 2649 2.
347 2597 469 2665 deerant]
489 2599 610 2650 derant
601 2618 629 2650 ιιι
644 2599 744 2669 lapide.
763 2620 789 2652 r.
815 2600 940 2656 Oudend.
962 2601 1095 2670 Descript.
1110 2603 1185 2668 legat.
1204 2601 1348 2668 Papenbr.
1428 2665 1429 2678 χ

147 2743 160 2756 ,
232 2705 260 2758 p.
252 2687 319 2742 58.
353 2686 517 2756 Bisyllabusr
542 2689 611 2748 enies
633 2689 861 2758 muniendum.
905 2691 1036 2793 dederuut
1053 2691 1161 2745 Gruter.
1184 2688 1291 2758 inprob.
1308 2691 1346 2741 A.

213 2776 582 2831 .Ma101nCollect.Vatic.
600 2795 628 2845 p
647 2797 707 2846 292·

299 2867 474 2935 5..persolvo]
487 2868 620 2937 persolvit
637 2866 714 2918 Grnt.

296 2957 324 3008 4.
342 2955 489 3022 dederat]
480 2974 501 3005 ι.
520 2972 545 3006 e.
563 2971 629 3022 quse
645 2964 728 3007 meter
743 2963 865 3016 sanxerat
880 2956 951 3014 sire.

294 3205 430 3260 annu,
451 3205 509 3258 138.
541 3203 711 3276 Epitaphium
728 3205 847 3278 Eipidis‚
872 3208 963 3260 uxoris
980 3204 1102 3274 Boethii,
1128 3225 1186 3260 esse
1212 3206 1342 3258 credide-

227 3305 287 3349 runt
304 3295 438 3360 Pithoeus,
455 3296 590 3348 Fabricius
606 3297 634 3347 in
650 3295 724 3346 Bibi.
743 3296 788 3346 lat.
808 3296 843 3347 Τ.
862 3297 912 3348 III.
930 3317 957 3366 p.
976 3297 1034 3348 nob.
1058 3306 1134 3364 etque
1154 3296 1342 3348 Torretnussa

226 3387 254 3437 in
269 3387 399 3454 Inscriptt.
418 3384 523 3437 Siciliae
539 3404 567 3454 p.
586 3385 647 3436 250.
683 3384 713 3435 Iu
729 3403 777 3438 ms·
789 3383 894 3440 Perotti
911 3385 1062 3437 inscribitur
1078 3386 1248 3454 epitaphium
1266 3402 1341 3436 uxo-

227 3477 266 3524 ris
281 3474 372 3526 Boetii
388 3475 535 3527 Simmocbi
555 3474 587 3526 7.
605 3473 632 3523 0.
676 3505 684 3522 .
720 3473 786 3524 Cum
803 3491 867 3526 vero
886 3483 993 3538 constet,
1010 3490 1120 3525 uxorem
1137 3472 1252 3524 Boethio
1272 3472 1341 3540 phi-

226 3560 337 3630 losopho
359 3565 545 3632 supervixisse,
569 3475 713 3630 Helplem
734 3563 843 3615 citerius
864 3561 972 3614 Boethii
993 3562 1129 3629 coniugem
1153 3573 1212 3614 sess
1235 3562 1342 3614 indicat

224 3647 393 3704 Burmannus.

293 3754 317 3790 ι.
335 3739 443 3809 Helpis]
459 3757 504 3792 ms.
522 3739 637 3791 Perotti.
654 3737 757 3810 Heipes
772 3741 862 3811 vulgo.

735 3869 818 3944 825·

173 4039 177 4046 ,
288 3987 370 4040 Anth.
388 3987 422 4039 11.
443 3987 503 4056 159.
535 3987 578 4041 De
596 3989 680 4042 Sexto
692 3989 820 4040 Petronio
837 3987 934 4052 Probo,
953 3990 1011 4042 viro
1030 3987 1159 4042 ditissimo
1177 3997 1205 4040 et
1217 3988 1344 4040 omniunt

219 4077 410 4143 potentissimo,
434 4077 479 4146 qui
502 4079 549 4128 sub
575 4077 699 4130 Gratisro
721 4077 879 4144 imperatore
896 4079 1018 4144 princeps
1044 4086 1102 4130 erat
1122 4075 1245 4144 imperii,
1267 4075 1336 4128 ride

219 4164 364 4217 Schlosser.
382 4163 460 4216 Univ.
476 4163 588 4216 Uehers.
605 4167 633 4217 d.
651 4166 697 4216 alt.
714 4163 760 4217 W.
779 4164 813 4215 Τ.
832 4164 878 4216 ΙΠ.
896 4165 927 4222 P.
945 4149 971 4222 5.
988 4183 1014 4233 p.
1034 4166 1091 4234 ¹57·

289 4277 312 4312 ι.
329 4262 466 4331 sublimes]
483 4263 608 4315 sublimis
624 4265 726 4322 Ferret.
742 4264 812 4316 Mus.
830 4263 927 4334 Lepid.
945 4283 974 4334 p.
993 4267 1054 4319 213.

332 4349 418 4416 arces]
436 4369 516 4404 orosa
532 4351 624 4405 Barth.
