<?xml version="1.0" encoding="UTF-8"?>
<!DOCTYPE html PUBLIC "-//W3C//DTD XHTML 1.0 Transitional//EN"
    "http://www.w3.org/TR/xhtml1/DTD/xhtml1-transitional.dtd">
<html xmlns="http://www.w3.org/1999/xhtml" xml:lang="en" lang="en">
 <head>
  <title>
</title>
<meta http-equiv="Content-Type" content="text/html;charset=utf-8" />
  <meta name='ocr-system' content='tesseract 3.04.00' />
  <meta name='ocr-capabilities' content='ocr_page ocr_carea ocr_par ocr_line ocrx_word'/>
</head>
<body>
  <div class='ocr_page' id='page_1' title='image "./anthologiaveter00burmgoog_0293.png"; bbox 0 0 3002 4816; ppageno 0'>
   <div class='ocr_carea' id='block_1_1' title="bbox 782 283 855 354">
    <p class='ocr_par' dir='ltr' id='par_1_1' title="bbox 782 283 855 354">
     <span class='ocr_line' id='line_1_1' title="bbox 782 283 855 354; baseline 0.027 -2"><span class='ocrx_word' id='word_1_1' title='bbox 782 283 855 354; x_wconf 76' lang='lat'><strong>228</strong></span> 
     </span>
    </p>
   </div>
   <div class='ocr_carea' id='block_1_2' title="bbox 265 463 1414 1196">
    <p class='ocr_par' dir='ltr' id='par_1_2' title="bbox 265 463 1414 1196">
     <span class='ocr_line' id='line_1_2' title="bbox 389 463 1149 566; baseline -0.017 -21"><span class='ocrx_word' id='word_1_2' title='bbox 389 477 489 566; x_wconf 88' lang='lat' dir='ltr'><strong>Regia</strong></span> <span class='ocrx_word' id='word_1_3' title='bbox 509 487 611 564; x_wconf 89' lang='lat' dir='ltr'><strong>septa,</strong></span> <span class='ocrx_word' id='word_1_4' title='bbox 633 474 732 555; x_wconf 84' lang='lat' dir='ltr'><strong>lares,</strong></span> <span class='ocrx_word' id='word_1_5' title='bbox 754 470 849 549; x_wconf 85' lang='lat' dir='ltr'><strong>atria,</strong></span> <span class='ocrx_word' id='word_1_6' title='bbox 869 467 1007 556; x_wconf 87' lang='lat' dir='ltr'><strong>templa,</strong></span> <span class='ocrx_word' id='word_1_7' title='bbox 1029 463 1149 532; x_wconf 82' lang='lat' dir='ltr'><strong>lorum.</strong></span> 
     </span>
     <span class='ocr_line' id='line_1_3' title="bbox 347 569 1143 663; baseline -0.019 -14"><span class='ocrx_word' id='word_1_8' title='bbox 347 584 427 649; x_wconf 89' lang='lat' dir='ltr'><strong>Inde</strong></span> <span class='ocrx_word' id='word_1_9' title='bbox 448 581 530 646; x_wconf 91' lang='lat' dir='ltr'><strong>celer</strong></span> <span class='ocrx_word' id='word_1_10' title='bbox 551 579 661 644; x_wconf 82' lang='lat' dir='ltr'><strong>subeas</strong></span> <span class='ocrx_word' id='word_1_11' title='bbox 683 576 793 663; x_wconf 84' lang='lat' dir='ltr'><strong>magni</strong></span> <span class='ocrx_word' id='word_1_12' title='bbox 821 574 953 640; x_wconf 91' lang='lat' dir='ltr'><strong>delubra</strong></span> <span class='ocrx_word' id='word_1_13' title='bbox 974 569 1143 654; x_wconf 79' lang='lat' dir='ltr'><strong>Tonantis,</strong></span> 
     </span>
     <span class='ocr_line' id='line_1_4' title="bbox 271 673 1116 773; baseline -0.011 -20"><span class='ocrx_word' id='word_1_14' title='bbox 271 673 288 715; x_wconf 75' lang='lat'><strong>³¹</strong></span> <span class='ocrx_word' id='word_1_15' title='bbox 387 687 461 773; x_wconf 86' lang='lat' dir='ltr'><strong>Qua</strong></span> <span class='ocrx_word' id='word_1_16' title='bbox 481 684 543 750; x_wconf 83' lang='lat' dir='ltr'><strong>fert</strong></span> <span class='ocrx_word' id='word_1_17' title='bbox 563 684 715 748; x_wconf 88' lang='lat' dir='ltr'><strong>sublimes</strong></span> <span class='ocrx_word' id='word_1_18' title='bbox 737 680 857 746; x_wconf 89' lang='lat' dir='ltr'><strong>Martia</strong></span> <span class='ocrx_word' id='word_1_19' title='bbox 877 691 970 766; x_wconf 77' lang='lat' dir='ltr'><strong>porta</strong></span> <span class='ocrx_word' id='word_1_20' title='bbox 990 678 1116 763; x_wconf 83' lang='lat' dir='ltr'><strong>gradus.</strong></span> 
     </span>
     <span class='ocr_line' id='line_1_5' title="bbox 347 782 1207 873; baseline -0.014 -15"><span class='ocrx_word' id='word_1_21' title='bbox 347 791 412 858; x_wconf 84' lang='lat' dir='ltr'><strong>Hic</strong></span> <span class='ocrx_word' id='word_1_22' title='bbox 433 803 463 857; x_wconf 85' lang='lat' dir='ltr'><strong>et</strong></span> <span class='ocrx_word' id='word_1_23' title='bbox 481 787 591 854; x_wconf 86' lang='lat' dir='ltr'><strong>Ateste</strong></span> <span class='ocrx_word' id='word_1_24' title='bbox 612 788 708 866; x_wconf 84' lang='lat' dir='ltr'><strong>iacet,</strong></span> <span class='ocrx_word' id='word_1_25' title='bbox 731 784 785 872; x_wconf 90' lang='lat' dir='ltr'><strong>qui</strong></span> <span class='ocrx_word' id='word_1_26' title='bbox 806 797 877 873; x_wconf 88' lang='lat' dir='ltr'><strong>post</strong></span> <span class='ocrx_word' id='word_1_27' title='bbox 899 782 1067 848; x_wconf 74' lang='lat' dir='ltr'>Antenora</span> <span class='ocrx_word' id='word_1_28' title='bbox 1087 803 1207 846; x_wconf 89' lang='lat' dir='ltr'><strong>nomen</strong></span> 
     </span>
     <span class='ocr_line' id='line_1_6' title="bbox 265 889 1108 970; baseline -0.017 -8"><span class='ocrx_word' id='word_1_29' title='bbox 265 910 307 970; x_wconf 84' lang='lat'><strong>10</strong></span> <span class='ocrx_word' id='word_1_30' title='bbox 389 894 552 960; x_wconf 76' lang='lat' dir='ltr'><strong>Laudibus</strong></span> <span class='ocrx_word' id='word_1_31' title='bbox 573 905 603 958; x_wconf 91' lang='lat' dir='ltr'><strong>et</strong></span> <span class='ocrx_word' id='word_1_32' title='bbox 622 892 719 958; x_wconf 86' lang='lat' dir='ltr'><strong>titulis</strong></span> <span class='ocrx_word' id='word_1_33' title='bbox 740 890 822 960; x_wconf 86' lang='lat' dir='ltr'><strong>tollit</strong></span> <span class='ocrx_word' id='word_1_34' title='bbox 843 889 877 954; x_wconf 91' lang='lat' dir='ltr'><strong>in</strong></span> <span class='ocrx_word' id='word_1_35' title='bbox 900 900 981 951; x_wconf 90' lang='lat' dir='ltr'><strong>astra</strong></span> <span class='ocrx_word' id='word_1_36' title='bbox 1002 907 1108 950; x_wconf 85' lang='lat' dir='ltr'><strong>suum.</strong></span> 
     </span>
     <span class='ocr_line' id='line_1_7' title="bbox 287 975 1414 1078; baseline -0.01 -12"><span class='ocrx_word' id='word_1_37' title='bbox 287 1029 294 1042; x_wconf 42' lang='lat' dir='ltr'><strong>r</strong></span> <span class='ocrx_word' id='word_1_38' title='bbox 345 998 522 1065; x_wconf 81' lang='lat' dir='ltr'><strong>Transtulit</strong></span> <span class='ocrx_word' id='word_1_39' title='bbox 546 999 608 1062; x_wconf 89' lang='lat' dir='ltr'><strong>huc</strong></span> <span class='ocrx_word' id='word_1_40' title='bbox 628 998 787 1077; x_wconf 85' lang='lat' dir='ltr'><strong>Henetus,</strong></span> <span class='ocrx_word' id='word_1_41' title='bbox 816 993 1004 1060; x_wconf 88' lang='lat' dir='ltr'><strong>Patavinam</strong></span> <span class='ocrx_word' id='word_1_42' title='bbox 1025 975 1312 1078; x_wconf 68' lang='lat' dir='ltr'><strong>condiditurbem,</strong></span> <span class='ocrx_word' id='word_1_43' title='bbox 1412 1027 1414 1034; x_wconf 43' lang='lat' dir='ltr'><strong>v</strong></span> 
     </span>
     <span class='ocr_line' id='line_1_8' title="bbox 389 1083 1176 1196; baseline -0.011 -26"><span class='ocrx_word' id='word_1_44' title='bbox 389 1103 485 1196; x_wconf 77' lang='lat' dir='ltr'><strong>Cuius</strong></span> <span class='ocrx_word' id='word_1_45' title='bbox 505 1113 536 1166; x_wconf 87' lang='lat' dir='ltr'><strong>et</strong></span> <span class='ocrx_word' id='word_1_46' title='bbox 557 1083 627 1166; x_wconf 82' lang='lat' dir='ltr'><strong>ossa</strong></span> <span class='ocrx_word' id='word_1_47' title='bbox 648 1100 735 1166; x_wconf 88' lang='lat' dir='ltr'><strong>ducis</strong></span> <span class='ocrx_word' id='word_1_48' title='bbox 753 1123 839 1166; x_wconf 92' lang='lat' dir='ltr'><strong>nuno</strong></span> <span class='ocrx_word' id='word_1_49' title='bbox 859 1097 968 1163; x_wconf 87' lang='lat' dir='ltr'><strong>brevis</strong></span> <span class='ocrx_word' id='word_1_50' title='bbox 991 1117 1071 1160; x_wconf 91' lang='lat' dir='ltr'><strong>urna</strong></span> <span class='ocrx_word' id='word_1_51' title='bbox 1092 1097 1176 1181; x_wconf 85' lang='lat' dir='ltr'><strong>tegit.</strong></span> 
     </span>
    </p>
   </div>
   <div class='ocr_carea' id='block_1_3' title="bbox 345 1253 1265 1882">
    <p class='ocr_par' dir='ltr' id='par_1_3' title="bbox 345 1253 1265 1882">
     <span class='ocr_line' id='line_1_9' title="bbox 728 1253 856 1330; baseline -0.008 1"><span class='ocrx_word' id='word_1_52' title='bbox 728 1317 730 1320; x_wconf 86' lang='lat'><em>.</em></span> <span class='ocrx_word' id='word_1_53' title='bbox 772 1253 856 1330; x_wconf 70' lang='lat'><strong>604·</strong></span> 
     </span>
     <span class='ocr_line' id='line_1_10' title="bbox 598 1365 1030 1455; baseline -0.016 -21"><span class='ocrx_word' id='word_1_54' title='bbox 598 1365 784 1444; x_wconf 70' lang='lat' dir='ltr'><em>Antenoris</em></span> <span class='ocrx_word' id='word_1_55' title='bbox 806 1365 1030 1455; x_wconf 72' lang='lat' dir='ltr'><em>epitaphium.</em></span> 
     </span>
     <span class='ocr_line' id='line_1_11' title="bbox 345 1477 1149 1570; baseline -0.01 -18"><span class='ocrx_word' id='word_1_56' title='bbox 345 1483 478 1552; x_wconf 90' lang='lat' dir='ltr'><strong>Inclitus</strong></span> <span class='ocrx_word' id='word_1_57' title='bbox 500 1481 649 1547; x_wconf 85' lang='lat' dir='ltr'><strong>Antenor</strong></span> <span class='ocrx_word' id='word_1_58' title='bbox 669 1482 806 1570; x_wconf 88' lang='lat' dir='ltr'><strong>patriam</strong></span> <span class='ocrx_word' id='word_1_59' title='bbox 829 1504 897 1546; x_wconf 82' lang='lat' dir='ltr'><strong>vox</strong></span> <span class='ocrx_word' id='word_1_60' title='bbox 918 1481 986 1544; x_wconf 91' lang='lat' dir='ltr'><strong>nisa</strong></span> <span class='ocrx_word' id='word_1_61' title='bbox 1008 1477 1149 1565; x_wconf 87' lang='lat' dir='ltr'><strong>quietem</strong></span> 
     </span>
     <span class='ocr_line' id='line_1_12' title="bbox 390 1581 1265 1669; baseline -0.005 -17"><span class='ocrx_word' id='word_1_62' title='bbox 390 1586 568 1652; x_wconf 76' lang='lat' dir='ltr'><strong>Transtulit</strong></span> <span class='ocrx_word' id='word_1_63' title='bbox 590 1587 652 1652; x_wconf 90' lang='lat' dir='ltr'><strong>huc</strong></span> <span class='ocrx_word' id='word_1_64' title='bbox 673 1589 835 1652; x_wconf 90' lang='lat' dir='ltr'><strong>Henetum</strong></span> <span class='ocrx_word' id='word_1_65' title='bbox 856 1583 1141 1669; x_wconf 88' lang='lat' dir='ltr'><strong>Dardanidumque</strong></span> <span class='ocrx_word' id='word_1_66' title='bbox 1162 1581 1265 1669; x_wconf 60' lang='lat' dir='ltr'><strong>fugasi</strong></span> 
     </span>
     <span class='ocr_line' id='line_1_13' title="bbox 348 1684 1206 1781; baseline -0.012 -19"><span class='ocrx_word' id='word_1_67' title='bbox 348 1684 481 1781; x_wconf 66' lang='lat' dir='ltr'><strong>Expulit</strong></span> <span class='ocrx_word' id='word_1_68' title='bbox 500 1693 683 1778; x_wconf 88' lang='lat' dir='ltr'><strong>Euganeos,</strong></span> <span class='ocrx_word' id='word_1_69' title='bbox 705 1689 895 1756; x_wconf 86' lang='lat' dir='ltr'><strong>Patavinam</strong></span> <span class='ocrx_word' id='word_1_70' title='bbox 917 1688 1059 1754; x_wconf 86' lang='lat' dir='ltr'><strong>condidit</strong></span> <span class='ocrx_word' id='word_1_71' title='bbox 1080 1687 1206 1770; x_wconf 90' lang='lat' dir='ltr'><strong>urbem,</strong></span> 
     </span>
     <span class='ocr_line' id='line_1_14' title="bbox 391 1793 1263 1882; baseline -0.007 -22"><span class='ocrx_word' id='word_1_72' title='bbox 391 1797 500 1882; x_wconf 87' lang='lat' dir='ltr'><strong>Quem</strong></span> <span class='ocrx_word' id='word_1_73' title='bbox 519 1807 605 1861; x_wconf 85' lang='lat' dir='ltr'><strong>tenet</strong></span> <span class='ocrx_word' id='word_1_74' title='bbox 625 1796 680 1860; x_wconf 89' lang='lat' dir='ltr'><strong>hic</strong></span> <span class='ocrx_word' id='word_1_75' title='bbox 700 1796 818 1862; x_wconf 90' lang='lat' dir='ltr'><strong>humili</strong></span> <span class='ocrx_word' id='word_1_76' title='bbox 838 1817 1003 1860; x_wconf 87' lang='lat' dir='ltr'><strong>marmore</strong></span> <span class='ocrx_word' id='word_1_77' title='bbox 1029 1815 1116 1859; x_wconf 89' lang='lat' dir='ltr'><strong>caesa</strong></span> <span class='ocrx_word' id='word_1_78' title='bbox 1138 1793 1263 1858; x_wconf 90' lang='lat' dir='ltr'><strong>domus.</strong></span> 
     </span>
    </p>
   </div>
   <div class='ocr_carea' id='block_1_4' title="bbox 768 1955 852 2040">
    <p class='ocr_par' dir='ltr' id='par_1_4' title="bbox 768 1955 852 2040">
     <span class='ocr_line' id='line_1_15' title="bbox 768 1955 852 2040; baseline -0.095 -10"><span class='ocrx_word' id='word_1_79' title='bbox 768 1955 852 2040; x_wconf 85' lang='lat'><strong>695.</strong></span> 
     </span>
    </p>
   </div>
   <div class='ocr_carea' id='block_1_5' title="bbox 291 2013 1347 2124">
    <p class='ocr_par' dir='ltr' id='par_1_5' title="bbox 291 2013 1347 2124">
     <span class='ocr_line' id='line_1_16' title="bbox 291 2013 1347 2124; baseline -0.008 -8"><span class='ocrx_word' id='word_1_80' title='bbox 291 2047 332 2116; x_wconf 91' lang='lat' dir='ltr'><em>V</em></span> <span class='ocrx_word' id='word_1_81' title='bbox 329 2047 409 2116; x_wconf 76' lang='lat' dir='ltr'><strong>erla</strong></span> <span class='ocrx_word' id='word_1_82' title='bbox 428 2013 578 2116; x_wconf 70' lang='lat' dir='ltr'><strong>Achillis</strong></span> <span class='ocrx_word' id='word_1_83' title='bbox 600 2049 637 2113; x_wconf 84' lang='lat' dir='ltr'><strong>in</strong></span> <span class='ocrx_word' id='word_1_84' title='bbox 658 2049 893 2124; x_wconf 76' lang='lat' dir='ltr'><strong>Parthenone,</strong></span> <span class='ocrx_word' id='word_1_85' title='bbox 927 2048 1010 2112; x_wconf 84' lang='lat' dir='ltr'><strong>dum</strong></span> <span class='ocrx_word' id='word_1_86' title='bbox 1032 2045 1148 2112; x_wconf 76' lang='lat' dir='ltr'><strong>tribum</strong></span> <span class='ocrx_word' id='word_1_87' title='bbox 1168 2044 1347 2110; x_wconf 83' lang='lat' dir='ltr'><strong>Diomedis</strong></span> 
     </span>
    </p>
   </div>
   <div class='ocr_carea' id='block_1_6' title="bbox 737 2154 898 2219">
    <p class='ocr_par' dir='ltr' id='par_1_6' title="bbox 737 2154 898 2219">
     <span class='ocr_line' id='line_1_17' title="bbox 737 2154 898 2219; baseline 0.006 -1"><span class='ocrx_word' id='word_1_88' title='bbox 737 2154 898 2219; x_wconf 79' lang='lat' dir='ltr'><strong>audisset.</strong></span> 
     </span>
    </p>
   </div>
   <div class='ocr_carea' id='block_1_7' title="bbox 261 2265 1370 4451">
    <p class='ocr_par' dir='ltr' id='par_1_7' title="bbox 349 2265 1144 2352">
     <span class='ocr_line' id='line_1_18' title="bbox 349 2265 1144 2352; baseline -0.008 -16"><span class='ocrx_word' id='word_1_89' title='bbox 349 2271 442 2336; x_wconf 88' lang='lat' dir='ltr'><strong>Vana</strong></span> <span class='ocrx_word' id='word_1_90' title='bbox 466 2269 553 2333; x_wconf 89' lang='lat' dir='ltr'><strong>velut</strong></span> <span class='ocrx_word' id='word_1_91' title='bbox 574 2279 681 2331; x_wconf 89' lang='lat' dir='ltr'><strong>cautae</strong></span> <span class='ocrx_word' id='word_1_92' title='bbox 701 2291 831 2352; x_wconf 85' lang='lat' dir='ltr'><strong>surgens</strong></span> <span class='ocrx_word' id='word_1_93' title='bbox 853 2265 996 2331; x_wconf 81' lang='lat' dir='ltr'><strong>formido</strong></span> <span class='ocrx_word' id='word_1_94' title='bbox 1020 2267 1144 2352; x_wconf 89' lang='lat' dir='ltr'><strong>parenti</strong></span> 
     </span>
    </p>

    <p class='ocr_par' dir='ltr' id='par_1_8' title="bbox 269 2371 1156 2668">
     <span class='ocr_line' id='line_1_19' title="bbox 269 2371 1156 2453; baseline -0.005 -15"><span class='ocrx_word' id='word_1_95' title='bbox 269 2433 271 2438; x_wconf 80' lang='grc'>,</span> <span class='ocrx_word' id='word_1_96' title='bbox 349 2376 519 2440; x_wconf 89' lang='lat' dir='ltr'><strong>Femineos</strong></span> <span class='ocrx_word' id='word_1_97' title='bbox 540 2372 693 2436; x_wconf 88' lang='lat' dir='ltr'><strong>iuvenem</strong></span> <span class='ocrx_word' id='word_1_98' title='bbox 712 2372 800 2435; x_wconf 87' lang='lat' dir='ltr'><strong>iussit</strong></span> <span class='ocrx_word' id='word_1_99' title='bbox 820 2394 875 2434; x_wconf 90' lang='lat' dir='ltr'><strong>me</strong></span> <span class='ocrx_word' id='word_1_100' title='bbox 895 2393 1022 2434; x_wconf 87' lang='lat' dir='ltr'><strong>sumere</strong></span> <span class='ocrx_word' id='word_1_101' title='bbox 1043 2371 1156 2453; x_wconf 82' lang='lat' dir='ltr'><strong>cultus,</strong></span> 
     </span>
     <span class='ocr_line' id='line_1_20' title="bbox 349 2475 1101 2561; baseline -0.009 -15"><span class='ocrx_word' id='word_1_102' title='bbox 349 2483 390 2546; x_wconf 89' lang='lat' dir='ltr'><strong>Et</strong></span> <span class='ocrx_word' id='word_1_103' title='bbox 411 2481 513 2544; x_wconf 90' lang='lat' dir='ltr'><strong>celare</strong></span> <span class='ocrx_word' id='word_1_104' title='bbox 533 2477 646 2541; x_wconf 90' lang='lat' dir='ltr'><strong>virum</strong></span> <span class='ocrx_word' id='word_1_105' title='bbox 667 2475 746 2540; x_wconf 80' lang='lat' dir='ltr'><strong>falso</strong></span> <span class='ocrx_word' id='word_1_106' title='bbox 773 2498 832 2561; x_wconf 88' lang='lat' dir='ltr'><strong>per</strong></span> <span class='ocrx_word' id='word_1_107' title='bbox 852 2476 992 2560; x_wconf 86' lang='lat' dir='ltr'><strong>tegmina</strong></span> <span class='ocrx_word' id='word_1_108' title='bbox 1012 2497 1101 2556; x_wconf 84' lang='lat' dir='ltr'><strong>sexu,</strong></span> 
     </span>
     <span class='ocr_line' id='line_1_21' title="bbox 348 2579 1121 2668; baseline -0.009 -20"><span class='ocrx_word' id='word_1_109' title='bbox 348 2583 445 2649; x_wconf 88' lang='lat' dir='ltr'><strong>Unde</strong></span> <span class='ocrx_word' id='word_1_110' title='bbox 465 2605 523 2668; x_wconf 86' lang='lat' dir='ltr'><strong>ego</strong></span> <span class='ocrx_word' id='word_1_111' title='bbox 545 2579 684 2646; x_wconf 81' lang='lat' dir='ltr'><strong>lanificas</strong></span> <span class='ocrx_word' id='word_1_112' title='bbox 705 2580 826 2645; x_wconf 80' lang='lat' dir='ltr'><strong>tentavi</strong></span> <span class='ocrx_word' id='word_1_113' title='bbox 847 2579 1004 2666; x_wconf 86' lang='lat' dir='ltr'><strong>inglorius</strong></span> <span class='ocrx_word' id='word_1_114' title='bbox 1026 2590 1121 2656; x_wconf 84' lang='lat' dir='ltr'><strong>artes,</strong></span> 
     </span>
    </p>

    <p class='ocr_par' dir='ltr' id='par_1_9' title="bbox 267 2681 1284 3192">
     <span class='ocr_line' id='line_1_22' title="bbox 267 2681 1207 2775; baseline -0.012 -20"><span class='ocrx_word' id='word_1_115' title='bbox 267 2701 289 2762; x_wconf 84' lang='lat'><strong><em>5</em></strong></span> <span class='ocrx_word' id='word_1_116' title='bbox 352 2688 579 2773; x_wconf 86' lang='lat' dir='ltr'><strong>Virgineisque</strong></span> <span class='ocrx_word' id='word_1_117' title='bbox 598 2688 676 2751; x_wconf 87' lang='lat' dir='ltr'><strong>toris</strong></span> <span class='ocrx_word' id='word_1_118' title='bbox 698 2685 854 2775; x_wconf 86' lang='lat' dir='ltr'><strong>carpenda</strong></span> <span class='ocrx_word' id='word_1_119' title='bbox 869 2686 908 2750; x_wconf 91' lang='lat' dir='ltr'><strong>ad</strong></span> <span class='ocrx_word' id='word_1_120' title='bbox 930 2685 1051 2749; x_wconf 89' lang='lat' dir='ltr'><strong>vellera</strong></span> <span class='ocrx_word' id='word_1_121' title='bbox 1074 2681 1207 2752; x_wconf 81' lang='lat' dir='ltr'><strong>inhaesi.</strong></span> 
     </span>
     <span class='ocr_line' id='line_1_23' title="bbox 348 2789 1207 2880; baseline -0.008 -22"><span class='ocrx_word' id='word_1_122' title='bbox 348 2793 445 2858; x_wconf 92' lang='lat' dir='ltr'><strong>Nunc</strong></span> <span class='ocrx_word' id='word_1_123' title='bbox 465 2804 571 2857; x_wconf 90' lang='lat' dir='ltr'><strong>autem</strong></span> <span class='ocrx_word' id='word_1_124' title='bbox 588 2791 758 2880; x_wconf 87' lang='lat' dir='ltr'><strong>proprium</strong></span> <span class='ocrx_word' id='word_1_125' title='bbox 778 2814 910 2857; x_wconf 85' lang='lat' dir='ltr'><strong>servans</strong></span> <span class='ocrx_word' id='word_1_126' title='bbox 928 2804 1039 2854; x_wconf 88' lang='lat' dir='ltr'><strong>natura</strong></span> <span class='ocrx_word' id='word_1_127' title='bbox 1056 2789 1207 2874; x_wconf 87' lang='lat' dir='ltr'><strong>vigorem</strong></span> 
     </span>
     <span class='ocr_line' id='line_1_24' title="bbox 352 2892 1152 2985; baseline -0.008 -23"><span class='ocrx_word' id='word_1_128' title='bbox 352 2896 512 2984; x_wconf 76' lang='lat' dir='ltr'><strong>conpellit</strong></span> <span class='ocrx_word' id='word_1_129' title='bbox 533 2895 637 2962; x_wconf 81' lang='lat' dir='ltr'><strong>fluxos</strong></span> <span class='ocrx_word' id='word_1_130' title='bbox 656 2897 799 2962; x_wconf 84' lang='lat' dir='ltr'><strong>humeris</strong></span> <span class='ocrx_word' id='word_1_131' title='bbox 828 2897 986 2985; x_wconf 83' lang='lat' dir='ltr'><strong>depellere</strong></span> <span class='ocrx_word' id='word_1_132' title='bbox 1009 2892 1152 2973; x_wconf 88' lang='lat' dir='ltr'><strong>amictus,</strong></span> 
     </span>
     <span class='ocr_line' id='line_1_25' title="bbox 352 2998 1233 3084; baseline -0.007 -16"><span class='ocrx_word' id='word_1_133' title='bbox 352 3004 444 3068; x_wconf 92' lang='lat' dir='ltr'><strong>Dum</strong></span> <span class='ocrx_word' id='word_1_134' title='bbox 464 3024 523 3065; x_wconf 89' lang='lat' dir='ltr'><strong>nos</strong></span> <span class='ocrx_word' id='word_1_135' title='bbox 545 3001 628 3066; x_wconf 93' lang='lat' dir='ltr'><strong>bella</strong></span> <span class='ocrx_word' id='word_1_136' title='bbox 650 3014 765 3067; x_wconf 85' lang='lat' dir='ltr'><strong>vocant</strong></span> <span class='ocrx_word' id='word_1_137' title='bbox 785 3024 880 3066; x_wconf 91' lang='lat' dir='ltr'><strong>rauco</strong></span> <span class='ocrx_word' id='word_1_138' title='bbox 907 3001 1054 3084; x_wconf 83' lang='lat' dir='ltr'><strong>clangore</strong></span> <span class='ocrx_word' id='word_1_139' title='bbox 1075 2998 1233 3063; x_wconf 87' lang='lat' dir='ltr'><strong>tubarum.</strong></span> 
     </span>
     <span class='ocr_line' id='line_1_26' title="bbox 350 3103 1284 3192; baseline -0.006 -20"><span class='ocrx_word' id='word_1_140' title='bbox 350 3108 446 3172; x_wconf 89' lang='lat' dir='ltr'><strong>Mens</strong></span> <span class='ocrx_word' id='word_1_141' title='bbox 466 3105 604 3190; x_wconf 89' lang='lat' dir='ltr'><strong>quatitur</strong></span> <span class='ocrx_word' id='word_1_142' title='bbox 623 3126 801 3192; x_wconf 83' lang='lat' dir='ltr'><strong>saevusque</strong></span> <span class='ocrx_word' id='word_1_143' title='bbox 822 3104 911 3170; x_wconf 85' lang='lat' dir='ltr'><strong>fovet</strong></span> <span class='ocrx_word' id='word_1_144' title='bbox 931 3103 1118 3192; x_wconf 87' lang='lat' dir='ltr'><strong>praecordia</strong></span> <span class='ocrx_word' id='word_1_145' title='bbox 1138 3103 1284 3167; x_wconf 87' lang='lat' dir='ltr'><strong>Mavors.</strong></span> 
     </span>
    </p>

    <p class='ocr_par' dir='ltr' id='par_1_10' title="bbox 268 3206 1241 3720">
     <span class='ocr_line' id='line_1_27' title="bbox 268 3206 1241 3299; baseline -0.007 -22"><span class='ocrx_word' id='word_1_146' title='bbox 268 3226 309 3285; x_wconf 89' lang='lat'><strong>10</strong></span> <span class='ocrx_word' id='word_1_147' title='bbox 349 3213 478 3299; x_wconf 90' lang='lat' dir='ltr'><em>Rumpe</em></span> <span class='ocrx_word' id='word_1_148' title='bbox 498 3231 605 3274; x_wconf 79' lang='lat' dir='ltr'><strong>moras</strong></span> <span class='ocrx_word' id='word_1_149' title='bbox 631 3233 759 3292; x_wconf 86' lang='lat' dir='ltr'><strong>omnes,</strong></span> <span class='ocrx_word' id='word_1_150' title='bbox 783 3209 913 3275; x_wconf 83' lang='lat' dir='ltr'><strong>fervens</strong></span> <span class='ocrx_word' id='word_1_151' title='bbox 935 3210 969 3274; x_wconf 91' lang='lat' dir='ltr'><strong>in</strong></span> <span class='ocrx_word' id='word_1_152' title='bbox 990 3207 1109 3295; x_wconf 86' lang='lat' dir='ltr'><strong>praelia</strong></span> <span class='ocrx_word' id='word_1_153' title='bbox 1128 3206 1241 3288; x_wconf 87' lang='lat' dir='ltr'><strong>virtus,</strong></span> 
     </span>
     <span class='ocr_line' id='line_1_28' title="bbox 349 3315 1200 3394; baseline -0.006 -15"><span class='ocrx_word' id='word_1_154' title='bbox 349 3317 421 3379; x_wconf 91' lang='lat' dir='ltr'><strong>Nec</strong></span> <span class='ocrx_word' id='word_1_155' title='bbox 443 3315 540 3380; x_wconf 85' lang='lat' dir='ltr'><strong>fuerit</strong></span> <span class='ocrx_word' id='word_1_156' title='bbox 560 3317 685 3388; x_wconf 86' lang='lat' dir='ltr'><strong>latuisse</strong></span> <span class='ocrx_word' id='word_1_157' title='bbox 705 3338 827 3380; x_wconf 88' lang='lat' dir='ltr'><strong>meum.</strong></span> <span class='ocrx_word' id='word_1_158' title='bbox 876 3316 912 3380; x_wconf 89' lang='lat' dir='ltr'><strong>Si</strong></span> <span class='ocrx_word' id='word_1_159' title='bbox 932 3315 1059 3380; x_wconf 87' lang='lat' dir='ltr'><strong>classica</strong></span> <span class='ocrx_word' id='word_1_160' title='bbox 1078 3326 1200 3394; x_wconf 86' lang='lat' dir='ltr'><strong>temno,</strong></span> 
     </span>
     <span class='ocr_line' id='line_1_29' title="bbox 352 3416 1194 3508; baseline -0.001 -26"><span class='ocrx_word' id='word_1_161' title='bbox 352 3418 462 3483; x_wconf 76' lang='lat' dir='ltr'><strong>Dilexi</strong></span> <span class='ocrx_word' id='word_1_162' title='bbox 482 3420 629 3502; x_wconf 85' lang='lat' dir='ltr'><strong>latebras,</strong></span> <span class='ocrx_word' id='word_1_163' title='bbox 650 3441 752 3506; x_wconf 88' lang='lat' dir='ltr'><strong>neque</strong></span> <span class='ocrx_word' id='word_1_164' title='bbox 774 3421 839 3484; x_wconf 91' lang='lat' dir='ltr'><strong>ulla</strong></span> <span class='ocrx_word' id='word_1_165' title='bbox 860 3432 906 3484; x_wconf 88' lang='lat' dir='ltr'><strong>est</strong></span> <span class='ocrx_word' id='word_1_166' title='bbox 926 3421 1018 3508; x_wconf 89' lang='lat' dir='ltr'><strong>culpa</strong></span> <span class='ocrx_word' id='word_1_167' title='bbox 1039 3416 1194 3506; x_wconf 85' lang='lat' dir='ltr'><strong>parentis.</strong></span> 
     </span>
     <span class='ocr_line' id='line_1_30' title="bbox 350 3523 1236 3612; baseline -0.002 -26"><span class='ocrx_word' id='word_1_168' title='bbox 350 3523 440 3586; x_wconf 90' lang='lat' dir='ltr'><strong>Nam</strong></span> <span class='ocrx_word' id='word_1_169' title='bbox 463 3546 540 3588; x_wconf 89' lang='lat' dir='ltr'><strong>cum</strong></span> <span class='ocrx_word' id='word_1_170' title='bbox 561 3526 715 3612; x_wconf 86' lang='lat' dir='ltr'><strong>respicio,</strong></span> <span class='ocrx_word' id='word_1_171' title='bbox 750 3546 813 3608; x_wconf 92' lang='lat' dir='ltr'><strong>quo</strong></span> <span class='ocrx_word' id='word_1_172' title='bbox 833 3525 896 3589; x_wconf 89' lang='lat' dir='ltr'><strong>sim</strong></span> <span class='ocrx_word' id='word_1_173' title='bbox 918 3523 1100 3589; x_wconf 89' lang='lat' dir='ltr'><strong>desemine</strong></span> <span class='ocrx_word' id='word_1_174' title='bbox 1124 3531 1236 3605; x_wconf 89' lang='lat' dir='ltr'><strong>cretus,</strong></span> 
     </span>
     <span class='ocr_line' id='line_1_31' title="bbox 352 3625 1191 3720; baseline -0.001 -30"><span class='ocrx_word' id='word_1_175' title='bbox 352 3626 564 3715; x_wconf 87' lang='lat' dir='ltr'><strong>Semiferique</strong></span> <span class='ocrx_word' id='word_1_176' title='bbox 587 3629 703 3694; x_wconf 87' lang='lat' dir='ltr'><strong>animis</strong></span> <span class='ocrx_word' id='word_1_177' title='bbox 723 3629 831 3692; x_wconf 88' lang='lat' dir='ltr'><strong>recolo</strong></span> <span class='ocrx_word' id='word_1_178' title='bbox 852 3644 1016 3720; x_wconf 88' lang='lat' dir='ltr'><strong>praecepta</strong></span> <span class='ocrx_word' id='word_1_179' title='bbox 1037 3625 1191 3714; x_wconf 81' lang='lat' dir='ltr'><strong>magistri,</strong></span> 
     </span>
    </p>

    <p class='ocr_par' dir='ltr' id='par_1_11' title="bbox 269 3733 1370 4240">
     <span class='ocr_line' id='line_1_32' title="bbox 269 3733 1135 3823; baseline -0.002 -27"><span class='ocrx_word' id='word_1_180' title='bbox 269 3735 310 3804; x_wconf 83' lang='lat'><strong>15</strong></span> <span class='ocrx_word' id='word_1_181' title='bbox 352 3733 422 3796; x_wconf 89' lang='lat' dir='ltr'><strong>Neo</strong></span> <span class='ocrx_word' id='word_1_182' title='bbox 440 3756 578 3820; x_wconf 86' lang='lat' dir='ltr'><strong>puerum</strong></span> <span class='ocrx_word' id='word_1_183' title='bbox 598 3733 701 3798; x_wconf 83' lang='lat' dir='ltr'><strong>decuit</strong></span> <span class='ocrx_word' id='word_1_184' title='bbox 721 3733 873 3798; x_wconf 89' lang='lat' dir='ltr'><strong>muliebri</strong></span> <span class='ocrx_word' id='word_1_185' title='bbox 892 3747 1019 3821; x_wconf 82' lang='lat' dir='ltr'><strong>pectora</strong></span> <span class='ocrx_word' id='word_1_186' title='bbox 1039 3733 1135 3823; x_wconf 86' lang='lat' dir='ltr'><strong>peplo</strong></span> 
     </span>
     <span class='ocr_line' id='line_1_33' title="bbox 351 3836 1185 3928; baseline -0.001 -27"><span class='ocrx_word' id='word_1_187' title='bbox 351 3837 486 3928; x_wconf 82' lang='lat' dir='ltr'><strong>Induere</strong></span> <span class='ocrx_word' id='word_1_188' title='bbox 507 3849 540 3900; x_wconf 85' lang='lat' dir='ltr'><strong>et</strong></span> <span class='ocrx_word' id='word_1_189' title='bbox 559 3851 703 3902; x_wconf 89' lang='lat' dir='ltr'><strong>teneram</strong></span> <span class='ocrx_word' id='word_1_190' title='bbox 720 3861 828 3924; x_wconf 84' lang='lat' dir='ltr'><strong>gressu</strong></span> <span class='ocrx_word' id='word_1_191' title='bbox 844 3836 997 3904; x_wconf 89' lang='lat' dir='ltr'><strong>simulare</strong></span> <span class='ocrx_word' id='word_1_192' title='bbox 1018 3837 1185 3926; x_wconf 84' lang='lat' dir='ltr'><strong>puellam.&#39;</strong></span> 
     </span>
     <span class='ocr_line' id='line_1_34' title="bbox 353 3940 1190 4030; baseline 0.004 -25"><span class='ocrx_word' id='word_1_193' title='bbox 353 3941 451 4005; x_wconf 84' lang='lat' dir='ltr'><strong>Nunc</strong></span> <span class='ocrx_word' id='word_1_194' title='bbox 471 3940 569 4026; x_wconf 87' lang='lat' dir='ltr'><strong>igitur</strong></span> <span class='ocrx_word' id='word_1_195' title='bbox 591 3965 734 4007; x_wconf 86' lang='lat' dir='ltr'><strong>crescens</strong></span> <span class='ocrx_word' id='word_1_196' title='bbox 754 3942 844 4007; x_wconf 88' lang='lat' dir='ltr'><strong>annis</strong></span> <span class='ocrx_word' id='word_1_197' title='bbox 864 3943 1037 4030; x_wconf 85' lang='lat' dir='ltr'><strong>sapientior</strong></span> <span class='ocrx_word' id='word_1_198' title='bbox 1058 3954 1143 4008; x_wconf 87' lang='lat' dir='ltr'><strong>aetas</strong></span> <span class='ocrx_word' id='word_1_199' title='bbox 1189 3962 1190 3965; x_wconf 73' lang='grc'>’</span> 
     </span>
     <span class='ocr_line' id='line_1_35' title="bbox 348 4043 1164 4135; baseline 0 -25"><span class='ocrx_word' id='word_1_200' title='bbox 348 4043 495 4112; x_wconf 87' lang='lat' dir='ltr'><strong>Devovit</strong></span> <span class='ocrx_word' id='word_1_201' title='bbox 516 4048 631 4132; x_wconf 87' lang='lat' dir='ltr'><strong>Marti,</strong></span> <span class='ocrx_word' id='word_1_202' title='bbox 652 4047 751 4114; x_wconf 90' lang='lat' dir='ltr'><strong>tenuit</strong></span> <span class='ocrx_word' id='word_1_203' title='bbox 772 4070 865 4135; x_wconf 87' lang='lat' dir='ltr'><strong>quae,</strong></span> <span class='ocrx_word' id='word_1_204' title='bbox 887 4049 1000 4128; x_wconf 89' lang='lat' dir='ltr'><strong>corda,</strong></span> <span class='ocrx_word' id='word_1_205' title='bbox 1022 4046 1164 4134; x_wconf 85' lang='lat' dir='ltr'><strong>Cupido,</strong></span> 
     </span>
     <span class='ocr_line' id='line_1_36' title="bbox 346 4147 1370 4240; baseline 0.006 -27"><span class='ocrx_word' id='word_1_206' title='bbox 346 4147 606 4237; x_wconf 72' lang='lat' dir='ltr'><strong>Belligerumque</strong></span> <span class='ocrx_word' id='word_1_207' title='bbox 627 4154 724 4218; x_wconf 90' lang='lat' dir='ltr'><strong>deum</strong></span> <span class='ocrx_word' id='word_1_208' title='bbox 739 4175 813 4218; x_wconf 88' lang='lat' dir='ltr'><strong>cum</strong></span> <span class='ocrx_word' id='word_1_209' title='bbox 826 4175 917 4218; x_wconf 86' lang='lat' dir='ltr'><strong>mens</strong></span> <span class='ocrx_word' id='word_1_210' title='bbox 935 4164 1005 4217; x_wconf 86' lang='lat' dir='ltr'><strong>tum</strong></span> <span class='ocrx_word' id='word_1_211' title='bbox 1017 4151 1168 4218; x_wconf 89' lang='lat' dir='ltr'><strong>membra</strong></span> <span class='ocrx_word' id='word_1_212' title='bbox 1179 4164 1370 4240; x_wconf 81' lang='lat' dir='ltr'><strong>sequuntur3</strong></span> 
     </span>
    </p>

    <p class='ocr_par' dir='ltr' id='par_1_12' title="bbox 261 4251 1198 4451">
     <span class='ocr_line' id='line_1_37' title="bbox 261 4251 1198 4344; baseline -0.003 -20"><span class='ocrx_word' id='word_1_213' title='bbox 261 4261 305 4324; x_wconf 79' lang='lat'><strong>20</strong></span> <span class='ocrx_word' id='word_1_214' title='bbox 345 4251 491 4324; x_wconf 71' lang='lat' dir='ltr'><strong>fiumina</strong></span> <span class='ocrx_word' id='word_1_215' title='bbox 508 4253 688 4341; x_wconf 87' lang='lat' dir='ltr'><strong>linquentes</strong></span> <span class='ocrx_word' id='word_1_216' title='bbox 710 4270 839 4324; x_wconf 83' lang='lat' dir='ltr'><strong>currant</strong></span> <span class='ocrx_word' id='word_1_217' title='bbox 858 4257 897 4321; x_wconf 92' lang='lat' dir='ltr'><strong>ad</strong></span> <span class='ocrx_word' id='word_1_218' title='bbox 917 4255 1036 4344; x_wconf 85' lang='lat' dir='ltr'><strong>spicula</strong></span> <span class='ocrx_word' id='word_1_219' title='bbox 1062 4255 1198 4342; x_wconf 86' lang='lat' dir='ltr'><strong>palmae,</strong></span> 
     </span>
     <span class='ocr_line' id='line_1_38' title="bbox 343 4355 1167 4451; baseline 0.01 -29"><span class='ocrx_word' id='word_1_220' title='bbox 343 4355 604 4448; x_wconf 72' lang='lat' dir='ltr'><strong>&#39;ferrilicumque</strong></span> <span class='ocrx_word' id='word_1_221' title='bbox 624 4373 716 4449; x_wconf 83' lang='lat' dir='ltr'><strong>caput</strong></span> <span class='ocrx_word' id='word_1_222' title='bbox 735 4361 877 4451; x_wconf 83' lang='lat' dir='ltr'><strong>praefixa</strong></span> <span class='ocrx_word' id='word_1_223' title='bbox 895 4361 1014 4428; x_wconf 85' lang='lat' dir='ltr'><strong>casside</strong></span> <span class='ocrx_word' id='word_1_224' title='bbox 1033 4362 1167 4430; x_wconf 84' lang='lat' dir='ltr'><strong>mitram</strong></span> 
     </span>
    </p>
   </div>
   <div class='ocr_carea' id='block_1_8' title="bbox 0 0 1506 4816">
    <p class='ocr_par' dir='ltr' id='par_1_13' title="bbox 0 0 1506 4816">
     <span class='ocr_line' id='line_1_39' title="bbox 0 0 1506 4816; baseline 0 2"><span class='ocrx_word' id='word_1_225' title='bbox 0 0 1506 4816; x_wconf 95' lang='lat' dir='ltr'><strong> </strong></span> 
     </span>
    </p>
   </div>
  </div>
 </body>
</html>
