2992 4826
785 225 835 296 03

707 307 913 334 *ιιι-...11

343 418 574 504 castaneasque
591 431 694 482 nuces
707 423 739 478 et
760 433 860 478 snare
879 412 1026 480 mbentie
1046 412 1143 480 mala.

256 532 301 600 20
383 523 443 603 Est
458 518 512 588 hic
531 516 654 584 mimda
674 517 783 603 Ceres,
803 528 851 584 est
868 515 994 602 Amor,
1009 527 1056 584 est
1074 519 1239 591 Bromius.

339 627 419 692 Sunt
433 635 470 707 ‚et
488 645 583 690 mora
603 631 733 694 cruenta
752 633 783 688 et
802 622 897 688 lentis
915 645 980 690 uva
999 624 1147 710 racemis,

364 732 426 798 -Et
445 726 587 820 pendens
607 726 704 795 iunco
724 729 885 796 caemleus
906 728 1060 796 cucumis.
1127 778 1136 791 .

333 835 398 902 *Est
417 831 525 922 tuguri
543 843 664 917 custos,
684 847 826 926 minatus
846 832 928 900 falce
946 834 1078 922 saligna,

383 939 447 1004 Sed
467 959 536 1008 non
556 948 589 1003 et
607 951 698 1006 vasto
718 953 765 1006 est
784 939 917 1028 inguine
936 939 1098 1008 terribilis.

256 1054 301 1123 25
343 1039 616 1132 HuieOybelista
636 1043 743 1111 venit:
762 1046 860 1112 lessies
880 1044 948 1112 iam
967 1043 1059 1114 sudat
1081 1048 1206 1131 asellus,

380 1149 482 1215 Parce
500 1144 566 1231 illi,
587 1159 736 1215 nostrum
756 1149 910 1216 delicium
929 1163 976 1218 est
995 1152 1112 1219 asinus.

339 1253 438 1327 Nunc
458 1263 552 1318 cautu
571 1252 686 1320 crebro
705 1265 863 1343 rumpunt
882 1256 1007 1322 arbusta
1027 1257 1163 1340 cicadae,

253 1398 263 1430 ,·
337 1405 354 1432 i
380 1357 480 1426 Nunc
499 1356 597 1424 etiam
616 1357 652 1422 in
671 1357 776 1444 gelida
796 1360 872 1426 sede
888 1361 1005 1428 lacerta
1024 1362 1108 1427 latet.

247 1514 249 1518 -
329 1464 376 1544 ,Si
397 1462 499 1553 sapis,
521 1462 641 1529 aestivo
658 1463 813 1530 recubans
834 1476 865 1532 te
884 1467 998 1555 prolue
1018 1466 1116 1548 vitro,

255 1583 299 1650 30
387 1571 450 1636 Seu
471 1567 522 1636 vis
544 1569 696 1656 crystallo
717 1568 743 1635 fi
768 1593 930 1637 renoves
951 1571 1072 1637 calices.

340 1674 402 1743 Eia
416 1695 488 1761 age,
507 1673 680 1762 pampinea
699 1673 799 1741 fessus
819 1675 981 1764 requiesce
999 1676 1058 1743 sub
1077 1677 1205 1764 umbra,

382 1782 426 1847 Et
445 1777 618 1866 gravidum
637 1801 731 1844 roseo
752 1793 843 1847 necte
865 1796 957 1872 caput
972 1783 1128 1872 strophio,

338 1886 514 1960 Formosus
533 1893 660 1948 tenerae
680 1882 853 1977 decerpens
873 1910 931 1952 ora
950 1889 1090 1975 puellae!

383 1989 441 2055 Ah
460 1999 583 2077 pereat,
608 1987 659 2052 cui
677 2003 750 2056 sunt
770 1990 875 2080 prisca
894 1994 1078 2083 supercilia!
1118 2055 1121 2060 .

257 2109 300 2177 35
340 2093 430 2182 Quid
449 2091 552 2158 cineri
571 2092 695 2179 ingrato
714 2118 823 2161 servas
844 2096 926 2164 bene
944 2099 1062 2166 olentia
1078 2101 1186 2166 serta?

384 2199 484 2265 Anne
503 2208 654 2263 coronato
675 2198 727 2264 vis
746 2199 853 2287 lapide
872 2200 932 2266 ista
951 2203 1037 2290 tegi?

341 2307 432 2373 Pone
451 2324 581 2368 merum
602 2314 633 2368 et
652 2305 741 2370 talos.
765 2304 887 2389 Pereat,
909 2305 964 2392 qui
984 2306 1118 2372 crastina
1139 2313 1244 2373 curat!

381 2409 477 2478 Mors
498 2431 610 2476 aurem
630 2407 753 2475 vellens
778 2406 821 2476 V
817 2407 920 2492 ivite,
949 2408 1006 2496 eit,
1032 2412 1142 2479 venio.

775 2558 859 2632 108·

737 2676 893 2766 Virgilii

698 2784 822 2838 Diramm
837 2783 924 2850 ,libem

341 2887 481 2968 Battara,
502 2871 637 2973 cycneas
657 2897 839 2975 repetamus
861 2881 1005 2948 carmine
1026 2901 1132 2966 voces,

340 2988 471 3054 Divisae
494 2991 613 3058 iterum
633 2994 722 3058 sedes
747 3002 778 3055 et
800 3012 876 3056 rura
897 3009 1059 3070 cenamus,

341 3092 447 3181 Rura,
469 3096 580 3183 quibus
603 3098 687 3164 diras
708 3095 905 3176 indiximus,
932 3090 1021 3181 inpia
1041 3103 1127 3157 vota.

343 3197 431 3268 Ante
450 3201 542 3293 lupos
562 3203 687 3294 rapient
704 3199 814 3283 haedi,
839 3197 933 3266 vituli
953 3211 1026 3265 ante
1045 3199 1164 3282 leones,

257 3313 280 3377 5
339 3303 496 3392 Delphini
515 3303 638 3393 fugient
656 3302 774 3393 pisces,
796 3305 919 3391 aquilae
938 3315 1010 3368 ante
1030 3303 1205 3388 columbas,

341 3409 385 3502 Et
405 3430 562 3477 converse
580 3423 668 3477 retro
689 3432 801 3478 rerum
823 3404 980 3472 discordia
1004 3403 1128 3492 gliscet

341 3515 445 3580 Multa
466 3515 570 3605 prius,
591 3514 678 3582 fient·
690 3537 786 3602 quam
806 3535 875 3578 non
894 3533 967 3576 mea
986 3510 1088 3576 libera
1108 3509 1222 3573 avenis.

341 3621 508 3688 Montibus
530 3633 561 3687 et
579 3619 673 3686 silvis
696 3620 802 3685 (licam
822 3630 874 3683 tua
894 3614 991 3700 sacta,
1020 3615 1183 3702 Lycurge,

339 3726 443 3816 Inpia·
479 3727 677 3796 ,Trinacriae
696 3722 889 3789 sterilescent
908 3720 1021 3808 gaudia
1041 3718 1147 3803 vobis,

259 3841 301 3904 10
342 3832 415 3898 Nec
434 3832 581 3918 fecunda,
600 3831 684 3898 senis
704 3829 810 3896 nostri
829 3826 937 3893 felicia
955 3849 1043 3911 rure,

343 3938 474 4006 Semina
494 3939 670 4028 parturiant
687 3948 816 4022 segetes,
834 3957 903 4000 non
922 3955 1037 4022 pascua
1057 3933 1164 4016 eolles,

340 4045 420 4111 Non
439 4042 567 4110 arbusta
588 4066 689 4110 novas
710 4036 827 4127 fruges,
846 4061 914 4106 non
931 4037 1101 4128 pampinus
1118 4058 1206 4117 uvas,

342 4149 433 4238 Ipsae
452 4172 521 4230 non
540 4149 642 4214 silvae
660 4145 808 4229 frondes,
828 4167 896 4210 non
915 4142 1051 4208 flumina
1070 4138 1184 4206 fontes.

340 4255 463 4320 Rursus
484 4252 597 4324 ethos
617 4248 1117 4341 ite1umrepetamus,Battere,
1144 4265 1285 4310 carmen.

243 4369 301 4433 ,15
341 4359 464 4425 Effetes
485 4353 613 4425 Cereris
630 4355 713 4434 ‚sulci
733 4353 873 4420 condetis
897 4373 1023 4436 evenes,
