2944 4836
961 125 972 160 Ν

762 205 835 282 136

689 296 895 316 ——u--OE

655 404 659 414 “
765 411 849 485 385·

319 583 400 637 Anah·
416 582 452 638 V.
473 585 531 638 133.
550 581 673 636 Wernsd.
692 581 771 634 Poet.
795 583 842 636 lat.
868 580 903 632 T.
920 579 955 633 11.
970 598 998 648 p.
1022 581 1055 650 57
1073 591 1101 633 et
1119 583 1177 651 157.
1211 581 1364 636 Eucheriao

252 673 397 726 carmania
413 689 515 724 serrum
531 671 671 734 invehitur,
687 669 734 738 qui
750 668 854 736 nuptias
872 669 927 721 eius
944 669 1078 723 ambierat.

319 777 347 814 2·
364 759 494 826 setarum]
512 776 634 810 secarum
650 775 698 809 ma.
717 757 743 808 T
744 757 821 809 huon.

320 851 347 902 5.
365 847 451 916 texta]
469 847 565 899 Heius.
586 857 659 902 tecta
675 845 764 912 vulgo.

320 938 346 989 5.
362 934 469 1001 burrae]
487 935 585 1004 byrrho
601 932 695 985 Heius.
731 931 786 984 Sed
812 931 909 986 burruc
931 943 960 989 et
976 934 1134 1004 burrapro
1157 935 1252 1005 penula
1275 938 1367 990 russei

255 1025 350 1076 coloris
367 1024 471 1074 dicitur.
498 1021 574 1074 Conf.
593 1022 716 1076 Wernsd.

321 1131 347 1184 7.
367 1097 531 1182 margarita]
551 1123 708 1184 margareta
724 1129 772 1164 ma.
794 1109 866 1167 Tinu.

321 1233 347 1285 9.
365 1216 526 1283 Leuconico]
543 1217 679 1270 lenconico
696 1237 757 1274 mss.
775 1219 846 1272 Thu.
863 1217 989 1272 Leidens-
1001 1216 1151 1274 Leuconum
1168 1217 1296 1286 oppidum
1313 1220 1365 1270 in-

254 1307 356 1360 ferioris
372 1304 517 1356 Pannoniae
536 1304 569 1354 ad
585 1303 680 1355 Sarum
697 1324 806 1359 amnem.
826 1306 952 1368 Wernsd.

368 1392 543 1462 smaragdus]
562 1409 608 1443 ms.
626 1391 697 1443 Thu.
714 1396 881 1464 zmaragdus
898 1395 989 1461 vulgo.

322 1499 365 1536 ao.
383 1479 440 1546 eet]
457 1497 505 1531 ma.
525 1479 597 1530 Thu.
614 1479 708 1532 Heins.
727 1493 788 1533 erat
804 1482 895 1548 vulgo.

324 1587 366 1622 11.
388 1565 498 1638 rupibus
515 1565 609 1634 atque]
628 1570 741 1638 rupique
758 1580 841 1640 atque
857 1587 905 1620 nu.
924 1568 998 1620 Thu.
1066 1597 1069 1602 v

242 1673 244 1688 '
322 1676 363 1728 14.
379 1669 606 1744 purpureamque]
624 1689 670 1725 ms.
683 1672 755 1728 Thu.
771 1674 997 1744 perspicuamque
1012 1671 1102 1740 vulgo.
1116 1672 1368 1744 praespicuamque

254 1783 302 1820 ms.
319 1763 397 1815 Leid.

1440 1335 1442 1366 i

1440 1369 1442 1400 i

323 1851 364 1901 15.
382 1851 509 1918 dispectis
524 1847 658 1918 piscibus]
674 1847 718 1901 An
734 1850 866 1920 despectis
882 1849 1025 1919 piscibus?
1049 1866 1094 1900 um
1116 1849 1245 1917 gemeiner
1261 1848 1370 1902 Fische
1442 1917 1443 1926 ἦ

254 1937 356 1996 willon.

322 2059 363 2111 ¹7·
383 2043 522 2110 auratam]
539 2043 559 2094 i.
579 2057 603 2093 e.
620 2039 767 2095 Goldfisch.
785 2049 942 2092 crassantue
955 2039 974 2090 i.
989 2056 1013 2091 e.
1026 2059 1095 2112 rana,
1113 2042 1188 2110 bufo,
1204 2042 1249 2094 vel
1261 2041 1369 2092 stellio.

256 2130 382 2187 Wernsd.
402 2148 522 2198 cercyros
538 2130 572 2181 Β.

322 2201 364 2270 ni.
385 2218 487 2283 tracta]
507 2229 601 2268 trucca
617 2233 665 2266 ms·
685 2213 758 2266 Thu.
778 2225 869 2268 trutta
885 2216 917 2269 Β.

320 2323 364 2358 ao.
379 2304 562 2374 perspicuam]
575 2303 770 2372 praespicuam
786 2321 832 2356 ms.
850 2303 929 2355 Leid.

157 2469 160 2474 ,
322 2427 366 2463 21.
384 2409 497 2481 onagro]
515 2410 626 2481 onagris
642 2425 690 2461 ms·
709 2405 871 2477 Viennensis,
890 2427 967 2480 quem
979 2409 1089 2462 contidit
1104 2408 1245 2461 Kramerus
1262 2407 1373 2477 (Haus-

256 2497 364 2553 chronik
380 2515 408 2565 p.
429 2495 510 2562 nu).

322 2602 367 2639 22.
385 2581 462 2648 bovi]
480 2585 545 2634 noni
561 2601 614 2636 non
630 2585 697 2636 nac-i
713 2601 760 2634 ms.
778 2583 851 2635 Thu.
871 2588 934 2639 cani
952 2587 985 2637 Β.
1002 2587 1155 2654 inprobante
1172 2581 1295 2636 Wernsd.

322 2691 366 2742 23.
385 2689 485 2741 vitient
501 2706 571 2740 nunc
588 2690 689 2758 lacera]
707 2691 752 2746 Du
770 2689 858 2756 Gange
875 2691 902 2746 in
915 2689 1050 2744 Glossario
1064 2689 1138 2745 Med.
1156 2697 1182 2738 et
1196 2688 1243 2739 inf.
1256 2686 1321 2741 Lat.
1341 2708 1375 2744 v.

255 2777 376 2830 lau-sera.
397 2804 433 2816 --
455 2775 537 2827 vitiet
553 2795 624 2828 nunc
640 2779 751 2830 laurera
778 2788 849 2830 tetra
866 2781 956 2846 vulgo.
979 2789 1133 2836 nectareum
1155 2777 1266 2830 horitiet
1292 2797 1375 2832 nunc

162 2931 166 2936 η
256 2866 381 2918 lauserat
397 2875 424 2916 et
435 2862 621 2932 rarefactum
638 2884 685 2917 ms.
697 2866 769 2917 Thu.
787 2879 942 2918 nectareum
960 2869 1040 2918 viciat
1056 2885 1128 2923 nunc
1145 2867 1206 2917 laus
1223 2875 1286 2918 erat
1303 2877 1374 2917 etra

256 2971 382 3007 rosarum
396 2970 443 3003 ms.
462 2950 632 3004 Viennensis.
657 2958 744 3005 Dnser
762 2963 801 3004 est
818 2972 858 3004 aaa
875 2955 973 3007 foetida
990 2955 1044 3006 sive
1062 2952 1176 3024 σίλφιον.

322 3040 366 3094 24.
379 3036 471 3112 sellis]
488 3040 588 3106 pendet
604 3059 618 3092 a
636 3043 733 3105 malis,
757 3041 808 3092 nisi
821 3041 901 3109 fellis
918 3060 966 3109 pro
983 3041 1090 3094 fellibus
1108 3058 1175 3093 nove
1194 3039 1296 3091 dictum
1315 3052 1373 3098 est.

323 3129 368 3184 25,
386 3127 557 3196 barathrum]
576 3127 717 3181 baratrum
734 3148 781 3184 ma.
800 3128 897 3186 Vienn-
915 3129 1023 3182 iratum
1042 3149 1088 3182 ms.
1105 3130 1186 3186 Lcid.

322 3215 366 3268 25.
383 3215 487 3284 mixtis]
505 3233 565 3268 mss.
583 3215 662 3270 Laid.
679 3217 752 3268 Thu.
773 3217 862 3268 mistis
877 3217 966 3286 vulgo.

322 3302 366 3354 28.
383 3303 480 3371 gravi]
498 3321 551 3356 non
569 3306 643 3356 deest
659 3313 728 3354 teste
752 3303 855 3369 Silligio
878 3303 906 3356 in
930 3323 977 3362 ms.
995 3305 1083 3372 Thu„
1108 3309 1147 3359 uti
1168 3306 1199 3362 B.
1223 3307 1372 3361 retulerat.

256 3407 318 3444 mox
346 3387 465 3440 cloncella
481 3404 562 3444 sonat
578 3412 625 3444 ms.
643 3391 722 3446 Leid.

325 3509 368 3560 ης.
381 3493 538 3562 perspicua]
552 3497 718 3564 praespicua
734 3511 781 3545 ms.
799 3491 881 3544 Lcid.

388 3583 538 3650 caraunus]
555 3602 616 3635 mss.
630 3581 655 3633 T
656 3582 702 3637 hu.
711 3580 790 3633 Leid.
803 3598 851 3634 nec
867 3579 943 3635 aliter
955 3583 999 3634 hic
1016 3603 1105 3641 versuo
1122 3589 1150 3642 in
1163 3586 1275 3639 carmine
1294 3605 1373 3656 quo-

257 3671 317 3723 dam
334 3670 439 3737 legitur‚
457 3672 529 3737 qnod
541 3671 681 3724 Kramems
693 3670 846 3737 inPraefat.
863 3669 897 3720 ad
905 3668 995 3724 Schol.
1012 3672 1139 3738 Iuvennfis
1155 3694 1184 3743 p.
1205 3675 1246 3728 afi·
1265 3675 1371 3728 edidit.

257 3787 291 3803 -.-
311 3769 429 3812 caranus
445 3760 533 3826 vulgo.

323 3865 367 3916 δι.
385 3863 495 3915 incestis
512 3876 615 3917 mutent
631 3860 698 3930 siti]
710 3881 768 3916 mss.
787 3864 859 3917 Thu.
876 3860 955 3913 Leia.
974 3863 1084 3916 incertis
1101 3878 1204 3919 nactam
1219 3865 1275 3918 sibi
1294 3879 1371 3922 tem*

253 3969 326 4021 pora
334 3948 423 4020 sortis
440 3967 487 4001 ms.
505 3951 601 4005 Vienn.
620 3955 685 4005 haec
701 3963 822 4005 monstra
849 3951 960 4002 incertis
983 3962 1088 4004 mutent
1102 3955 1155 4008 sibi
1174 3966 1298 4025 tempora
1310 3957 1373 4029 sa·

260 4041 297 4090 tis
313 4037 453 4090 Krmnerua
470 4054 498 4088 ac
513 4037 625 4091 Beierus
642 4039 751 4106 (Archiv
767 4058 792 4092 r.
809 4038 931 4090 Seebode
951 4037 1025 4091 1825.
1049 4057 1077 4106 p.
1099 4043 1180 4111 aa).
1196 4041 1292 4113 factis
1320 4063 1374 4098 ms.

257 4124 416 4176 Mabillonii.
450 4126 528 4174 Haec
545 4137 666 4177 monstra
681 4128 853 4180 nominativus
870 4135 925 4191 eat,
943 4141 1020 4194 quem
1038 4126 1233 4186 Werndorfius
1251 4146 1306 4202 pro
1326 4152 1377 4187 aa·

259 4211 375 4262 curative
393 4211 483 4262 habet.
511 4221 600 4262 mutet
614 4213 703 4277 vulgo.

326 4297 370 4352 52.
386 4296 558 4365 Eucherium]
576 4299 709 4354 eucarium
726 4310 773 4350 nro.
792 4300 887 4356 Vienn.
