2992 4826
703 243 906 355 Α

323 427 456 493 Florens
478 417 630 492 meamea
650 435 777 488 nostrae
796 419 903 488 fernae
924 420 1081 510 frangere,

322 535 407 617 Cur,
428 554 501 595 cum
522 529 673 616 vigebam
687 527 860 606 membris,
870 528 1168 616 praeviridantibus,

260 647 303 710 Ἀθ
325 634 507 701 satisfecere
528 634 648 724 populo
668 645 700 698 et
718 632 773 698 tali
795 653 871 700 cum
889 643 1035 721 poteram
1056 634 1144 718 viro,

322 741 401 806 Non
421 739 604 806 flexibilem·
619 761 675 817 nte
694 736 910 821 manassei,
935 749 970 802 ut
989 743 1156 827 mperes?
1274 745 1278 756 '

322 847 418 912 Nunc
438 868 493 910 me
513 859 580 932 qdo
600 841 732 912 deiicis?
758 840 837 928 quid
857 841 1044 930 edsoenam
1065 842 1198 912 adfero?

320 952 483 1016 Decorem
500 947 639 1020 losanae.
651 970 700 1014 an·
713 945 898 1034 dignitatem
919 948 1074 1032 corporis,

321 1053 441 1120 Animi
460 1053 618 1120 virtutem
637 1075 678 1118 an
701 1050 791 1116 vocis
810 1050 971 1120 iuctmdae.
985 1057 1125 1122 sonam?
1153 1095 1155 1102 ,

260 1170 302 1234 26
322 1159 369 1225 Ut
388 1158 506 1224 hedera
525 1181 654 1248 serpens
678 1155 765 1224 vires
783 1156 934 1224 arboreas
953 1169 1054 1242 necat,

322 1265 369 1330 lta
390 1285 445 1328 me
464 1275 599 1330 vetustas
620 1263 953 1353 amplexu-annorum
973 1276 1094 1330 enecat.

322 1368 467 1461 Sepulcri
487 1367 601 1434 similis
624 1366 710 1433 nibil
726 1366 791 1434 nisi
811 1390 933 1434 nomen
951 1355 1093 1434 retineo,

781 1579 841 1658 ss·
930 1541 933 1548 ’

685 1691 733 1762 D.
756 1691 939 1760 Laberii

656 1797 684 1849 in
700 1795 731 1853 P.
745 1799 841 1872 Syrum
856 1800 978 1879 mimums

225 1965 228 1986 .
324 1916 402 1980 Non
421 1926 553 2003 possunt
574 1914 675 2002 primi
695 1942 762 1984 esse
779 1941 890 2012 omnes
912 1897 1003 1998 pinni
1021 1915 1057 1981 in
1077 1926 1231 2004 tempora.
1275 1947 1292 1994 ,ι
1341 1969 1345 1978 ,

325 2021 498 2083 Summum
518 2019 558 2083 ad
578 2020 724 2104 gradum
738 2047 814 2112 cnm
834 2020 1141 2106 claritatistteneris,
1268 2093 1271 2102 A

324 2123 483 2189 consistes
505 2144 598 2208 aegre
618 2134 652 2188 et
673 2125 781 2207 eitius,
803 2150 900 2212 quam
921 2126 1109 2220 adscendas,
1130 2126 1229 2193 codes.
1268 2203 1271 2210 Α

326 2228 436 2296 cecidi
456 2251 515 2315 ego
520 2253 534 2308 3
558 2227 662 2314 cadet,
684 2228 738 2316 qui
758 2229 992 2318 sequitertia
1014 2241 1062 2294 est
1083 2229 1218 2317 publica·
1237 2269 1239 2277 ,

778 2441 838 2518 57·

672 2580 825 2651 Publii
844 2579 958 2673 Syri.

730 2687 773 2756 (ex
794 2683 899 2754 mineo

324 2801 489 2870 Luxuriae
508 2805 590 2870 rictu
613 2802 900 2880 Martismarcent
917 2803 1054 2871 maenia.

327 2905 402 2970 Tuo
421 2909 524 2997 palato
547 2913 667 2976 clausus
686 2932 772 3000 pavo
793 2909 941 2999 pascitur,

325 3009 475 3078 Plumato
497 3016 628 3080 amictus
649 3039 745 3104 aureo
766 3013 979 3102 Babylonico,
998 3017 1001 3023 '

325 3116 456 3184 Gallina
476 3120 534 3188 tibi
555 3118 823 3210 Numidica,tibi
845 3119 944 3204 gallus
965 3117 1075 3206 spado.
1190 3177 1192 3182 ,

263 3231 285 3295 5
328 3221 461 3288 Ciconia
476 3222 578 3286 ‘etiam
598 3234 688 3308 grata
708 3223 892 3312 peregrina,
919 3223 1054 3312 hospite,

324 3324 554 3391 Pietatictdtrix
572 3326 737 3414 gracilipes
755 3326 943 3390 crotalistria

329 3427 430 3510 Avis,
452 3428 526 3492 exul
547 3427 681 3514 hiemis,
702 3430 807 3510 titulus
828 3429 927 3516 tepidi
946 3427 1099 3514 temporis

324 3530 493 3618 Nequitias
513 3532 628 3598 nidum
648 3534 682 3599 in
707 3536 820 3600 cacabo
842 3532 917 3600 fecit
936 3555 1023 3598 meo.

328 3637 403 3722 Quo
424 3637 626 3723 margarita,
644 3661 714 3704 cara
734 3640 869 3706 tribacce
890 3637 1023 3704 Indica?

266 3754 309 3816 10
328 3739 401 3822 An,
421 3751 454 3805 ut
474 3755 620 3808 matrone
641 3757 751 3810 ornata
771 3744 908 3834 phaleris
927 3742 1059 3832 pelagiis

329 3845 438 3910 Tollat
458 3846 552 3934 pedes
573 3849 731 3917 indomita
754 3851 789 3916 in
806 3863 903 3917 strato
925 3851 1101 3917 extraneo?

332 3949 544 4036 smaragdum
565 3953 605 4018 ad
627 3977 724 4042 quam
750 3978 823 4020 rem
844 3955 1003 4037 viridem,
1033 3953 1212 4044 pretiosum
1232 3949 1364 4033 nosen,

330 4055 406 4141 Quo
429 4055 664 4124 Carchedonios
686 4073 773 4150 optas
793 4061 883 4148 ignes
904 4059 1056 4148 lapideos,

330 4158 405 4226 Nisi
425 4171 459 4226 ut
477 4160 674 4234 scintillent?
715 4165 862 4256 Probitas
883 4176 931 4230 est
952 4163 1180 4230 carbunmlual

269 4276 311 4340 15
332 4263 484 4354 Aequum
502 4278 566 4352 est,
586 4266 719 4336 induere
736 4279 875 4358 ¹nuptam
898 4280 1033 4336 ventum
1054 4267 1207 4351 textilem,

331 4371 444 4440 Palam
464 4384 606 4464 prostare
626 4373 748 4438 nudam
766 4373 803 4440 in
823 4373 935 4440 nebula
955 4372 1060 4439 linea?
