2902 4840
520 219 725 323 393-

581 411 670 500 796·

24 591 25 624 t
137 564 218 618 Anth.
236 561 271 616 11.
292 559 349 615 106.
367 577 400 615 ex
416 557 560 628 Lampridii
576 555 728 609 Alexandro
744 555 844 608 Severo
863 573 887 608 c.
907 555 952 610 38.
969 551 1008 610 Τ.
1025 552 1046 607 Ι.
1065 571 1092 624 p.
1108 556 1168 626 955.

23 677 25 712 t
70 653 225 724 Vulgaribus
241 652 368 723 rhythmis
385 650 418 702 ad
433 651 540 701 formam
555 645 754 698 Phalaeoiorum
777 645 850 698 factio
873 645 925 698 hoa
941 661 1029 697 terena
1045 645 1170 698 adnume-

23 753 26 802 t
69 753 109 795 rut
129 741 262 795 Santonica
282 741 316 792 ad
338 736 525 790 Terentianum
547 753 575 804 p.
602 734 661 788 183.
700 735 850 787 Notandum
874 734 958 800 enim,
979 734 1170 801 longitudinem

68 829 182 900 syllabae
204 846 232 882 er
257 828 285 878 in
306 827 383 877 uidet
409 832 436 875 et
459 841 491 874 oa
512 823 539 875 in
560 832 645 892 putee
667 832 779 891 proptor
801 821 932 888 vulgarem
948 820 1101 892 rhythmum
1117 841 1170 876 non

69 916 170 984 respici.
187 943 224 955 -
238 911 436 983 Epigrammatic
453 908 496 961 hie
512 909 602 962 verbio
618 910 746 962 rationem
762 909 852 960 reddit
867 908 1047 976 Lampridius:

108 1013 145 1064 Iit
165 1009 287 1082 quonium
307 1009 339 1060 de
361 1005 500 1078 lepusculis
513 1004 595 1076 facta
615 1016 654 1058 eat
674 1005 778 1070 mentio,
803 1004 873 1076 quod
890 1003 935 1056 ille
948 1003 1056 1075 leporem
1067 1009 1169 1062 cottid‘e

66 1095 179 1159 liaberet,
202 1093 273 1146 iocus
290 1094 405 1165 poeticus
426 1092 536 1158 emersit,
561 1091 653 1143 idcirco
674 1093 745 1164 quod
764 1088 840 1142 multi
858 1099 955 1162 ceptem
967 1089 1055 1144 dieitur
1070 1093 1169 1164 pulch·

24 1211 25 1214 =
67 1199 108 1232 mc
128 1196 183 1232 eece
204 1179 295 1230 dicunt
312 1197 366 1245 ece,
390 1178 437 1250 qui
456 1177 564 1248 leporem
584 1177 745 1230 comederint.

135 1305 162 1341 a.
181 1306 258 1358 quem
274 1286 383 1358 Syrum]
401 1289 473 1358 quod
489 1290 586 1357 Syrum
603 1287 702 1339 detulit
713 1301 838 1355 propago
855 1300 914 1336 mn.
937 1301 1015 1355 quem
1038 1285 1071 1336 de
1086 1287 1169 1355 Syria

68 1379 166 1431 detulit
178 1395 302 1449 propago
318 1376 426 1430 Salmas.
442 1374 591 1428 Pulchrum
606 1375 679 1444 quod
694 1378 766 1444 Syra
783 1373 882 1426 detulit
897 1391 1021 1444 propago
1038 1374 1167 1428 Obrecht.

133 1468 158 1520 4.
178 1468 210 1519 de
226 1465 289 1536 quo]
306 1483 367 1518 mas.
385 1466 496 1532 ideoque
512 1462 554 1514 ed.
581 1461 710 1530 princepe.
734 1477 768 1512 ee
784 1478 837 1532 quo
853 1460 944 1528 vulgo.
975 1459 1060 1516 Luam
1082 1474 1124 1518 eat
1140 1465 1168 1520 in

67 1555 165 1608 rorbic:
184 1573 217 1609 ex
233 1556 329 1624 lepore
346 1552 431 1604 oritur
446 1551 533 1619 lepor.

575 1712 660 1794 797·

131 1853 214 1909 Anth.
232 1855 267 1908 ll.
288 1871 346 1918 ¹07·
383 1851 537 1920 Respondet
558 1848 711 1905 Alexander
735 1849 848 1903 Sererue
871 1848 978 1904 carmini
1000 1854 1168 1923 praecedenti

63 1944 91 1994 in
108 1945 203 1994 eodem
219 1960 339 1994 versuum
356 1958 465 2008 genere.

131 2032 157 2084 6.
172 2030 297 2102 pulcher]
311 2031 418 2100 pulcris
434 2047 482 2081 ms.
499 2026 610 2080 Palatin.
642 2027 753 2080 Pulcrit
776 2045 810 2079 ne
826 2027 950 2082 invideat
966 2029 1053 2085 liuore
1069 2035 1167 2088 menti-t

62 2119 144 2172 Satm.

130 2423 212 2474 Antlr.
231 2421 264 2473 ll.
286 2420 343 2474 toll.
368 2436 401 2472 cx
419 2418 560 2487 Capitolini
582 2419 714 2472 Maximini
746 2437 769 2475 c.
788 2435 813 2489 9.
834 2417 869 2472 Τ.
889 2417 924 2472 ll.
944 2437 971 2488 p.
989 2437 1032 2492 27.
1064 2424 1168 2479 Mimue

60 2512 175 2581 quidum
186 2513 215 2563 in
234 2512 339 2562 theatro
353 2520 496 2577 praesente
512 2506 561 2560 illo
579 2509 681 2560 dicitur
696 2525 790 2562 oereue
804 2526 917 2578 graecae
928 2509 1038 2574 dixisse,
1054 2530 1168 2582 quorum

60 2601 129 2652 haec
145 2611 207 2652 erat
223 2598 315 2652 latina
327 2599 464 2650 cententio
481 2607 534 2648 etc.
551 2625 587 2636 ·-
603 2597 740 2648 Salmasius
752 2595 863 2664 primum
879 2612 983 2648 veroum
999 2600 1167 2667 trochaicum,

62 2697 167 2736 ceteros
184 2689 310 2738 iambicos
327 2701 383 2735 esse
401 2691 483 2748 putat.
500 2683 557 2747 Ego
565 2684 667 2734 nullum
679 2683 707 2734 in
722 2683 756 2733 iic
773 2692 883 2734 metrum
899 2683 985 2736 inceae
1001 2687 1101 2755 iudico,
1115 2695 1167 2743 nec

62 2772 228 2839 Capitolinus
244 2774 273 2823 id
289 2771 425 2823 consitium
443 2768 547 2818 habuit.
583 2768 671 2834 Quare
686 2769 738 2819 hoc
756 2770 910 2836 epigramma
927 2770 1067 2826 delendum
1084 2787 1149 2829 erat.

133 2887 157 2922 1.
177 2870 284 2942 etqui]
302 2889 334 2921 en
352 2869 399 2939 qui
414 2867 447 2918 Β.
483 2864 512 2918 si
528 2883 618 2919 reraue
634 2875 692 2918 runt
708 2867 848 2935 trochaici,
869 2869 979 2923 lortaaec
1002 2874 1041 2924 ric
1061 2872 1166 2943 legendi

63 2970 155 3014 erunt:

311 3066 349 3117 Et
368 3063 414 3134 qui
433 3061 467 3115 ch
488 3081 539 3116 uno
559 3080 611 3116 non
629 3071 715 3133 potent
734 3055 826 3131 occidi,

309 3168 328 3202 a
348 3149 435 3200 multia
455 3149 587 3201 occiditur.

311 3234 427 3303 Elephas
445 3233 555 3304 grandia
575 3242 629 3285 est:
652 3233 790 3295 accidiam

310 3329 335 3372 et
356 3319 394 3370 leo
409 3318 488 3389 fortia
509 3328 564 3372 eet:
586 3319 724 3379 occiditur5

310 3405 384 3473 tigria
398 3404 478 3474 ficata
499 3414 556 3457 eat:
579 3405 712 3456 occiditur.

311 3488 434 3560 Singulos
453 3489 479 3541 ei
497 3508 549 3542 non
569 3489 653 3555 times,
678 3507 741 3542 cave
764 3487 868 3542 multoc.

571 3665 657 3747 799·

133 3805 218 3867 Anth.
240 3807 276 3863 11.
302 3825 368 3864 rto.
393 3827 425 3861 ex
441 3808 589 3879 Capitolini
605 3809 694 3878 Opilii
709 3809 824 3865 Macrini
846 3829 870 3867 c.
896 3810 943 3867 tl.
957 3809 993 3863 Τ.
1015 3809 1039 3866 Ι.
1051 3828 1079 3879 p.
1096 3811 1167 3882 769.

64 3889 180 3961 Opilium
199 3895 320 3945 Macrum
340 3896 485 3947 occiderunt
505 3915 563 3947 cum
580 3913 660 3966 puero
686 3913 733 3948 auo
754 3897 935 3962 Diadumeno,
963 3895 1061 3948 ecilicet
1079 3896 1167 3948 Anto-

61 3978 125 4029 nino
146 3979 304 4046 cognomine,
329 3980 360 4032 de
382 3999 431 4051 quo
452 3981 549 4034 dictum
569 3991 617 4046 ent,
643 3982 713 4052 quod
731 3982 760 4034 in
779 3981 875 4034 comum
895 3981 1044 4035 Antoninus
1058 3980 1167 4052 suimet.

65 4062 143 4114 Unde
169 4063 246 4113 ettam
272 4082 359 4116 versun
386 4075 476 4116 extant
500 4067 647 4120 haduamodi
667 4077 722 4118 etc.
768 4069 804 4118 Et
830 4067 876 4118 icti
901 4084 989 4119 oereua
1016 4083 1048 4116 ex
1072 4082 1166 4135 graeco

21 4135 22 4162 ³
63 4144 188 4198 nanclart
218 4157 280 4198 aunt
305 4149 334 4200 in
360 4148 481 4204 latinum.
542 4153 613 4204 Nom
638 4169 730 4222 graece
756 4161 819 4203 aunt
849 4151 1017 4206 dicenteeintt'.
1050 4148 1169 4204 ridentur

62 4240 150 4282 autem
171 4232 235 4284 milti
254 4232 287 4284 ab
308 4233 395 4305 aliqum
411 4246 493 4305 poeto
512 4235 617 4310 vulgati
635 4234 758 4290 tramitti
776 4255 840 4292 ease.
921 4287 925 4298 .

134 4349 161 4399 5.
179 4349 237 4416 aed]
254 4370 302 4410 nec
318 4351 465 4405 Salmasius.
