3002 4816
553 329 555 340 ,
598 236 804 336 mr...

557 542 839 610 Philoctetes.

229 659 425 724 Prodentem
447 655 578 722 ducibus
600 657 778 745 Tirynthia
797 660 859 726 tela
880 661 1030 747 Pelasgis,

269 766 370 829 Laesa
391 763 605 828 Philoctetam
626 765 763 830 vulnere
782 766 888 854 planta
910 766 1029 832 domat.

226 870 331 936 Docta
352 891 466 932 manus
488 865 584 933 vivos
607 867 700 934 duxit
722 869 761 958 de
782 891 949 935 marmore
969 895 1087 942 sensus.

268 972 371 1038 Sentit
392 972 495 1037 adhue
513 992 652 1059 poenam
674 972 773 1039 tristis
794 987 823 1040 et
843 974 1012 1063 inlepide.

659 1113 742 1192 655.

547 1226 585 1295 A
592 1237 846 1313 rgonautoe.

141 1387 143 1401 i
168 1349 175 1356 “
225 1341 403 1408 Thessalici
423 1364 572 1430 proceres
600 1342 713 1408 iunctis
735 1344 904 1412 virtutibus
928 1343 1032 1435 Argo

265 1445 474 1533 Magnificam
495 1443 661 1511 aedificant
688 1445 937 1538 fatiloquamque
958 1466 1071 1520 ratem.

223 1552 296 1616 Hac
316 1575 378 1640 ope
399 1563 589 1632 ventorum,
610 1551 736 1616 lunone
756 1564 788 1616 et
805 1555 935 1620 Pallade
957 1555 1076 1640 lanatis,

264 1655 428 1722 Auratum
445 1653 592 1719 referunt
611 1665 697 1719 trans
720 1653 801 1720 freta
820 1658 917 1744 longa
938 1682 1044 1748 pecua.

140 1773 162 1835 5
222 1764 341 1830 Omnis
362 1762 401 1827 in.
417 1760 477 1823 hae
496 1758 582 1846 picta
602 1771 648 1823 est
668 1758 796 1824 virtutis
816 1761 957 1848 imagine
977 1763 1095 1830 forma.

264 1871 360 1934 Hanc
379 1865 472 1930 labor
493 1886 566 1928 acer
588 1886 666 1951 opus
686 1865 809 1950 grande
834 1888 949 1952 parare
968 1866 1064 1936 iubet.

220 1973 368 2058 Cumque
398 1991 480 2056 opus
501 1967 650 2032 effectum
671 1979 733 2050 est,
761 1967 863 2033 ventis
890 1970 983 2057 piger
1014 1972 1137 2064 indiget
1154 2005 1247 2062 usus3

250 2076 311 2142 ¹Hi
331 2073 391 2141 tibi
414 2073 577 2137 Fortunae
600 2071 675 2137 dant
694 2072 882 2162 rapiuntque
903 2089 1019 2142 rotam.

221 2182 302 2246 Iuno
323 2191 413 2245 notat
434 2201 608 2261 nummos,
636 2175 789 2265 sapientia
810 2176 939 2244 Pallade
964 2196 1101 2266 constat3

137 2302 180 2364 10
264 2286 325 2352 His
348 2284 479 2350 ducibus
503 2283 635 2349 tandem
656 2280 759 2368 gloria
779 2265 869 2369 parta
890 2285 990 2353 venit.

219 2391 341 2458 Niteris
365 2390 541 2471 incassum,
571 2409 631 2453 neo
651 2399 682 2451 te
703 2407 796 2451 aurea
821 2389 937 2474 praeda
953 2408 1109 2480 sequetur,

263 2496 327 2560 Hic
345 2496 411 2560 nisi
435 2508 465 2560 te
486 2507 597 2560 ternus
619 2493 688 2557 ‹lux
710 2513 805 2580 super
825 2505 907 2558 astra
929 2498 1034 2565 vehat.

218 2600 308 2687 Quid
332 2598 426 2664 facias
448 2599 568 2686 igitur?
604 2596 764 2662 Fortunae
784 2597 887 2681 gloria
908 2604 1019 2688 servit,

260 2704 394 2769 Divitiis
415 2704 534 2784 servit,
554 2701 655 2767 servit
676 2713 705 2764 et
727 2700 796 2788 ipsa
815 2702 917 2770 libris.

133 2819 176 2882 15
219 2809 287 2873 Ora
309 2807 404 2892 igitur
428 2807 539 2883 divos,
564 2814 601 2869 ut
620 2803 663 2868 sis
686 2801 827 2889 felixque
849 2806 1024 2897 bonusque,

257 2911 304 2976 Ut
329 2912 447 2975 doctus.
490 2909 599 2975 Musas
620 2908 811 2994 irrequietus
833 2933 915 2978 ama.

480 3184 537 3251 De
556 3067 736 3250 [pollii
758 3182 893 3249 Medea.

215 3299 370 3386 Coniugis
393 3310 462 3366 arte
483 3299 577 3364 decus
598 3297 719 3387 patriae
739 3298 867 3363 reduxit
888 3299 991 3384 lason,

257 3404 380 3471 Amisit
400 3394 520 3495 patriae
539 3403 684 3491 coniugis
706 3415 772 3468 arte
795 3403 899 3468 decus.

420 3660 476 3727 De
497 3660 622 3728 Medea
641 3685 722 3727 oum
744 3658 843 3748 filiis
864 3661 948 3728 suis.

211 3775 381 3864 Opprimit
402 3775 541 3842 insontes
566 3774 658 3841 infidi
688 3798 778 3842 causa
800 3778 951 3866 parentis,

253 3881 375 3946 Iasonis
397 3893 428 3944 et
447 3881 513 3946 nati
536 3881 673 3946 crimina
693 3895 799 3948 morte
824 3883 927 3954 luunt.

198 3987 274 4052 ised
295 3984 446 4072 quamvis
468 3976 587 4069 mater,
609 3986 690 4053 vivo
712 3989 841 4054 viduata
861 3988 990 4071 marito,

251 4091 403 4176 Coniugis
425 4089 460 4156 ia
480 4113 618 4176 poenam
638 4091 775 4179 pignora
802 4117 874 4160 oara
897 4107 1003 4177 metat,

124 4209 147 4268 5
211 4199 306 4263 Sacra
327 4211 436 4262 tamen
455 4194 553 4281 pietas
575 4195 704 4263 insanae
725 4196 850 4282 mitigat
871 4220 976 4263 ausus.

252 4302 340 4368 Hine
361 4299 477 4368 furiata
497 4299 633 4388 premit,
655 4299 731 4363 hinc
753 4301 901 4370 miserata
923 4302 1018 4367 levat.
