2992 4826
263 418 310 480 20
392 402 504 470 Litore
527 399 730 478 inKextremo
752 416 827 482 quas
849 391 1198 477 simulatorie-,mem
1235 473 1257 482 ,,
1285 429 1292 455 ·-
1398 385 1403 396 ’

352 507 449 594 Quod
473 504 644 572 distinctus
664 525 749 584 eras,
770 499 881 566 auimo
903 523 1053 588 queque„
1070 502 1213 599 carpitur.
1231 525 1350 588 unm:

392 611 537 678 Diluitur
556 606 660 672 nimia
679 602 882 700 simplicitate
902 616 963 676 tua,
1019 655 1028 666 „
1127 666 1130 674 ,
1283 635 1290 694 ;
1330 649 1375 696 3,
1458 651 1462 660 =

351 717 405 781 Sic
425 713 475 777 illi
494 709 626 795 vixere,
656 709 769 798 quibus
790 707 851 774 fuit
873 731 968 796 aurea
988 711 1124 800 virgus·
1154 789 1158 796 ,
1191 733 1222 787 ζ.
1286 749 1293 784 r

394 819 485 906 Quae
492 815 576 882 bene
594 815 791 906 praecinctos
811 815 982 904 postmodo
1002 816 1237 906 ,ριιΙεςιῖιιςῐῄᾗἱ
1276 848 1295 891 μ

268 936 311 1012 25
353 921 488 1004 Livide,
517 919 593 1007 quid
614 921 745 986 tandem
766 921 893 994 tunicae
912 945 1053 998 nocuere
1067 925 1213 1004 solutae?
1245 981 1253 1005 ‚.
1342 927 1343 932 ’

397 1027 468 1094 Aut
487 1026 546 1092 tibi
566 1025 693 1094 ventosi
718 1024 794 1112 quid
815 1048 954 1108 nocuere
977 1027 1088 1096 sinus?
1169 1066 1173 1104 2
1197 1072 1201 1079 ·
1276 1055 1281 1081 ³

352 1127 446 1200 Num
466 1132 574 1198 minus
595 1131 695 1198 Urbis
716 1141 790 1196 erat
810 1143 913 1210 erutos
939 1143 973 1200 et
994 1134 1137 1212 Caesaris
1159 1130 1296 1224 hospes?
1346 1167 1372 1202 η

396 1237 489 1302 Num
513 1237 571 1302 tibi
593 1259 661 1302 non
681 1248 763 1303 tutas
783 1234 859 1314 fecit
876 1236 914 1304 in
935 1237 1027 1306 Urbe
1049 1240 1144 1308 vias?

357 1348 458 1409 Nocte
477 1342 547 1416 sub
558 1343 691 1408 obscura
711 1339 791 1426 quis
800 1350 833 1404 te
841 1341 1005 1431 spoliavit
1024 1349 1208 1416 ornantem?
1281 1370 1287 1424 ξ

274 1464 318 1530 30
402 1449 482 1536 Quis
503 1447 606 1534 tetigit
625 1445 713 1514 ferro
733 1445 875 1510 dur'ior
864 1469 933 1534 ipse
952 1447 1054 1516 latus?
1225 1517 1227 1524 ,

358 1554 465 1621 Maius
488 1564 554 1616 erat
560 1564 648 1640 ,pot
647 1551 729 1616 uisse
748 1561 857 1629 minen
879 1575 940 1616 nco
961 1555 1047 1620 velle
1066 1522 1295 1646 triumphos:

402 1655 511 1722 Maior
531 1679 583 1722 res
604 1657 728 1740 magieis
753 1657 938 1726 abstinuisse
958 1657 1028 1730 fuit.
1190 1725 1192 1735 Α
1320 1713 1338 1720 ..
1368 1718 1373 1745 ,

359 1759 488 1830 Maluit
499 1757 688 1824 umbrosam
706 1784 861 1879 quercum
882 1763 1119 1852 Nymphasque
1142 1769 1286 1838 cadentes
1333 1775 1336 1782 ’

402 1867 567 1952 Paucaque
586 1865 715 1954 pomosi
735 1864 843 1952 iugera
864 1881 949 1934 certa
972 1871 1043 1934 soli.
1245 1909 1248 1918 =
1403 1871 1405 1876 ’

276 1985 321 2065 35
360 1971 504 2037 Pieridas
512 1970 756 2056 Phoebumque
777 1972 917 2039 colens
907 1996 942 2036 1n
962 1976 1115 2054 mollibus
1138 1941 1293 2066 belliq-³

406 2076 539 2142 Sederat
560 2087 682 2162 argutas
706 2076 879 2176 garrulus
869 2089 953 2148 inter
974 2102 1060 2144 aves

360 2183 531 2250 Marmora
552 2179 696 2243 Maeonii
717 2179 855 2246 vincunt
877 2195 1087 2252 monumenta
1107 2188 1218 2273 libelli,

403 2284 567 2354 Vivitur
557 2283 703 2369 rigerio,
724 2298 831 2362 cetera
851 2289 965 2354 mortis
986 2305 1088 2356 erunt.

365 2393 453 2482 Quid
476 2389 616 2456 iaceret?
659 2389 837 2482 Defunctus
859 2407 925 2460 erat
947 2418 1053 2460 comes
1077 2398 1203 2499 inpiger
1226 2399 1324 2486 idern,

280 2509 323 2581 40
408 2498 506 2564 Miles
529 2509 559 2560 et
579 2495 720 2584 Augusti
740 2497 868 2564 fortiter
876 2527 1008 2590 ‚usque
1029 2504 1111 2593 pius
1205 2588 1207 2596 .

343 2607 465 2672 'Illum
485 2602 647 2692 piscosi
623 2603 776 2669 viderunt
795 2630 871 2674 saxa
892 2609 1002 2682 Pelori

356 2750 361 2754 -
407 2701 543 2797 Ignibus
560 2708 683 2774 hostilis
704 2711 841 2778 reddere
861 2714 947 2802 tigna
970 2714 1057 2780 ratis.
1246 2763 1250 2772 .

366 2817 507 2882 Pulvere
527 2813 564 2902 in
583 2813 736 2880 Emathio
758 2813 878 2898 fortem
898 2799 1011 2900 videre
1032 2820 1186 2913 Philippi.
1291 2879 1295 2891 ,
1367 2869 1371 2877 -

404 2921 476 2986 lam
496 2943 583 2988 nuno
603 2921 660 2986 ille
675 2934 781 3005 tener,
801 2934 871 2990 tum
891 2923 1000 3013 gravis
1020 2923 1119 2990 hostis
1137 2931 1219 2992 erat!

282 3039 327 3109 45
369 3029 456 3094 Cum
477 3024 558 3092 freta
578 3026 724 3092 Niliacae
743 3017 895 3094 texerunt
914 3028 1132 3116 latacerinae,
1273 3117 1278 3124 Α

409 3133 519 3200 Fortis
544 3144 613 3198 erat
633 3133 773 3218 circum,
802 3131 894 3198 fortis
916 3146 1038 3200 etanta
1059 3136 1189 3228 ducem3
1253 3167 1256 3174 ·

373 3239 490 3307 Militis
510 3237 575 3302 Eoi
595 3235 748 3322 fugientia
768 3252 853 3322 terga
871 3253 1009 3325 secutus,
1198 3315 1202 3330 ι

413 3341 559 3412 Territus
581 3342 620 3406 ad
641 3341 713 3407 Nili
735 3339 814 3404 dum
834 3340 914 3428 fugit
933 3342 990 3405 ille
1013 3356 1115 3430 caput.
1207 3421 1249 3433 NJ
1341 3409 1344 3418 ,
1371 3408 1381 3436 1,

333 3428 442 3512 Pax
464 3457 546 3511 eruat
572 3447 651 3513 haec
672 3448 743 3512 illos
763 3435 907 3512 laxarent
928 3446 991 3512 otia
1012 3448 1124 3514 etrltus.

287 3563 331 3630 50
416 3550 538 3616 Omnia
559 3553 699 3617 victores
720 3552 809 3620 Mart
796 3563 827 3617 te
846 3539 975 3618 sedente
996 3553 1120 3619 decent.

372 3655 515 3722 Actius
506 3679 573 3747 ipse
594 3658 707 3748 lyram
729 3659 851 3747 plectro
871 3659 1030 3748 percussit
1046 3659 1180 3746 eburno,
1292 3693 1294 3698 ·

416 3762 593 3846 Postquam
614 3764 762 3832 victrices
784 3766 963 3831 conticuere
983 3764 1085 3834 tubae.

374 3868 440 3934 Hic
460 3865 560 3930 modo
581 3867 675 3933 miles
697 3884 780 3956 erat,
807 3896 850 3936 ne
870 3884 977 3962 posset
996 3871 1120 3940 femina
1138 3875 1295 3944 Romam·
1342 3919 1374 3966 J·

416 3969 573 4034 Dotalem
592 3974 693 4062 stupri
712 3976 813 4066 turpis
833 3977 951 4046 habere
969 3977 1030 4052 sui.
1049 3967 1064 4066 'A

296 4086 338 4154 55
377 4075 445 4145 Hic
467 4075 531 4146 tela
551 4076 587 4141 in
610 4078 763 4170 profugos
784 4082 920 4167 (tannim
940 4097 1130 4176 curvaverat
1150 4083 1290 4174 arcum)3

420 4179 512 4250 Misit
532 4181 572 4247 ad
588 4196 752 4278 extremos
774 4189 945 4258 exorientis
964 4213 1073 4279 equos.
1109 4225 1110 4230 ¹
1208 4223 1233 4264 ,ν

377 4288 516 4378 Bacche,
542 4291 698 4356 coloratos
718 4308 887 4388 postquam
907 4295 1086 4364 devicimus
1106 4296 1281 4392 induem⁸
