3000 4820
744 203 817 272 124

242 401 282 464 ,1¹3
327 390 478 477 Quaeque
499 409 590 454 meos
613 388 732 458 domus
749 402 798 458 est
819 415 960 484 proavos
982 398 1130 462 miserata
1151 409 1346 486 patremque,

367 495 456 560 Haec
476 494 589 562 eadem
609 495 688 562 natis
710 498 853 588 praemia
874 510 949 564 nota
968 499 1058 566 ferat.

225 621 228 624 ·
322 600 422 686 Erige
441 601 660 689 languentem,
681 601 815 668 morbos
836 604 960 692 depelle
983 607 1140 693 meroris2

366 709 408 773 Et
428 705 586 775 miserum
607 705 727 773 melior
749 705 848 774 factus
867 706 991 799 Apollo
1012 712 1102 780 iuva·
1131 700 1133 704 ἵ

321 815 403 884 Nou
424 833 483 898 ego
503 811 647 898 litigeros
670 813 764 902 cupio
786 837 977 903 cognoscere
1003 813 1113 902 fasces,

238 935 281 1001 20
364 920 438 987 Nec
457 915 542 981 milri
560 915 735 986 reddantur
754 921 824 986 iura
845 920 998 1010 superba,
1017 946 1147 1011 precor.

323 1025 433 1093 Triste
453 1019 565 1088 forum
588 1025 684 1107 nolo,
705 1038 802 1091 vexat
821 1027 906 1113 quod
928 1029 1074 1115 praemia
1094 1033 1201 1120 pacisj

341 1129 590 1217 ,fraternisque
611 1130 692 1195 odiis
713 1131 781 1196 alea
802 1154 892 1197 caeca
912 1132 1006 1199 subit.

321 1237 496 1304 conflictus
521 1236 632 1302 andire
653 1237 741 1325 piget
760 1237 910 1323 rixasque
926 1251 1092 1328 togarum,

363 1346 451 1431 Quas
472 1339 555 1407 iuter
571 1340 659 1406 fictus
681 1355 853 1430 concrepat
876 1367 933 1411 ore
953 1343 1057 1412 furor.

237 1461 281 1526 25
322 1447 478 1518 Iustitiam
503 1449 600 1514 calcat
619 1448 764 1514 seductus
785 1446 919 1514 foenore
938 1452 1091 1538 praedae,

358 1555 401 1621 Et
422 1577 497 1641 quas
522 1553 681 1636 defendit,
701 1553 842 1643 partibus
864 1577 954 1620 arma
976 1571 1077 1645 parat.

321 1662 393 1727 Nec
411 1661 511 1744 mihi,
534 1662 588 1748 qui
606 1671 752 1750 pereant,
773 1658 832 1725 ulli
852 1669 1026 1749 poscantur
1045 1663 1184 1732 honores
1192 1717 1207 1750 „

364 1765 432 1833 Aut
453 1765 565 1831 avidus
587 1788 726 1856 pompae
747 1766 893 1830 maxima
913 1766 1002 1833 lucra
1022 1782 1106 1857 peto.

323 1875 373 1940 sit
394 1873 477 1938 mihi
501 1871 548 1938 fas
570 1872 681 1939 audire
700 1895 807 1937 sacros
829 1882 860 1938 et
880 1894 1012 1938 cernere
1033 1877 1149 1959 cultus,

238 1993 282 2057 30
364 1979 526 2045 Ecclesiae
547 1991 690 2067 spectans
704 1977 790 2041 dona
802 1976 916 2042 venire
934 2001 1022 2045 mea.

323 2084 378 2149 Sic
397 2083 454 2148 tibi
477 2081 646 2147 Phoenicis
666 2083 891 2149 transcendere
913 2097 1068 2172 congruat
1087 2111 1210 2168 annos„

364 2186 587 2273 incolumique
605 2207 721 2251 aevum
745 2187 879 2273 coniuge
899 2188 996 2253 laetus
1017 2213 1100 2277 agas.

324 2293 378 2359 Sic
397 2291 544 2359 thalamis
566 2292 694 2380 prolem
715 2291 816 2356 socies
837 2291 1011 2378 videasque
1030 2309 1163 2384 nepotes

366 2395 535 2463 Prudentis
557 2395 684 2482 gremio
705 2397 817 2460 ludere
838 2419 968 2484 semper
993 2400 1057 2463 avi.

239 2521 282 2585 35
323 2507 436 2574 Inclita
456 2503 502 2568 sic
523 2501 598 2566 celsi
618 2513 790 2590 provectus
813 2498 875 2564 iata
895 2503 1037 2586 parentis

366 2613 533 2698 Exuperes
556 2608 681 2672 meritis
704 2607 849 2692 seclaque
870 2606 966 2692 longa
983 2631 1085 2695 geras.

324 2719 379 2784 Sic
398 2716 520 2802 priscos
540 2715 652 2780 vincas
673 2725 782 2778 atavos
805 2712 969 2802 clarosque
988 2731 1146 2806 parentes,

365 2827 408 2892 Et
432 2819 558 2913 placido
580 2819 649 2906 regi
670 2817 798 2884 nuntius
821 2839 893 2882 orsa
915 2817 1009 2888 feras.

324 2930 442 2996 Adnue
462 2925 621 3016 poscenti,
645 2923 822 3008 (miseriam
844 2925 973 2990 sustolle
993 2929 1128 3014 ruinas).

239 3047 283 3112 40
368 3033 513 3101 Clericus
533 3042 566 3096 ut
588 3028 682 3096 fiam:
710 3029 789 3094 dum
813 3028 913 3112 velia,
934 3030 1004 3121 ipse
1023 3048 1123 3124 potes.

352 3281 586 3352 Luxorii
623 3275 762 3348 liber
800 3279 1238 3372 epigrammaton.
1297 3353 1300 3360 ,

755 3431 839 3516 296·
951 3485 954 3492 ·

477 3549 533 3614 De
555 3547 658 3614 titulo
678 3544 833 3612 Luxorii
856 3568 934 3611 oum
956 3543 1121 3612 versibus.

321 3686 467 3765 Priscus,
493 3682 638 3763 Luwri,
667 3696 791 3750 certum
812 3694 858 3748 est
878 3693 912 3748 te
932 3683 1064 3748 vincere
1085 3693 1188 3746 vatos:

326 3796 467 3859 Carmen
487 3813 629 3877 namque
648 3804 739 3858 tuum
761 3791 882 3879 duplex
901 3787 1048 3854 Victoria
1068 3801 1176 3876 gestat.

750 3959 834 4041 297·

675 4069 929 4161 Epitaphium

324 4203 384 4270 Nil
405 4201 489 4266 milri
511 4226 601 4270 mora
620 4203 730 4286 faciet,
757 4225 820 4292 pro
844 4225 899 4267 me
919 4214 1132 4268 monumenta
1154 4199 1314 4290 relinquo:

368 4311 422 4396 [lu
443 4309 544 4376 modo
562 4309 658 4393 vive,
678 4311 778 4376 liber:
801 4308 848 4375 nil
870 4307 954 4375 milri
974 4328 1065 4372 mors
1086 4305 1189 4372 faciet.
