2992 4826
682 246 875 364 45⁸

239 435 337 520 Rura,
352 435 498 519 domum,
517 457 669 519 nummos
685 447 776 520 atque
786 435 898 505 omnis
909 437 1057 525 denique,
1076 443 1220 531 ueniunt,

281 540 479 629 Corporibus
500 539 636 629 geminis
661 538 792 628 spiritua
811 561 892 608 umis
912 555 989 610 eret.
1105 546 1107 552 ’

156 655 179 717 5
242 644 305 709 Sed
324 658 492 733 postquam
513 645 639 712 alterius
660 644 779 726 mulier
798 647 984 719 communis
1001 648 1126 738 utrique

281 749 417 841 Nupsit,
446 750 591 843 deposuit
610 749 689 816 alter
710 748 895 818 amicitiam.

670 913 755 990 124.

565 1015 716 1090 Cornelii
740 1009 859 1094 Seueri
933 1033 937 1040 “

470 1127 505 1182 de
522 1138 607 1181 morte
625 1125 758 1183 Ciceronis
778 1125 956 1202 fragmentum.

244 1227 374 1314 Oraque
394 1225 638 1315 magnanimum
661 1227 814 1318 spirantia
832 1255 933 1322 paene
952 1229 1103 1298 virorum

244 1332 284 1396 In
304 1333 415 1399 rostris
436 1333 560 1400 iacuere
578 1333 659 1399 suis:
689 1335 746 1400 sed
766 1336 856 1402 euim
877 1336 1002 1404 abstulit
1022 1337 1154 1421 omnes}

244 1437 427 1525 Tamquam
446 1435 514 1504 sola
533 1437 626 1523 foret,
652 1437 735 1528 rapti
756 1439 921 1508 Ciceronis
942 1443 1060 1530 imago.

245 1543 340 1609 Tunc
360 1542 494 1609 redeunt
515 1543 631 1610 animis
652 1545 792 1632 iugentia
813 1547 951 1612 consulis
972 1560 1049 1632 acta,

157 1656 181 1720 5
243 1651 425 1737 Iurataeque
447 1672 561 1715 manus
583 1649 798 1739 deprensaque
818 1649 948 1718 foedera
969 1672 1074 1716 noxae

241 1753 480 1846 ¹Patriciumque
500 1753 589 1820 nefas
609 1755 800 1836 extinctum,
827 1767 858 1818 et
876 1777 981 1841 poena
1002 1753 1143 1842 Cethegi,

243 1857 452 1945 Deiectusque
472 1859 556 1924 redit
576 1857 661 1922 votis
685 1856 822 1923 Catilina
842 1855 998 1924 nefandis.

245 1963 334 2048 Quid
355 1960 451 2027 favor
472 1974 524 2027 aut
545 1974 663 2044 coetus,
690 1959 778 2048 pleni
797 1961 873 2047 quid
893 1961 1071 2030 honoribus
1092 1965 1170 2032 anni

248 2064 460 2148 Profuerunt‚
481 2066 578 2131 sacris
600 2077 630 2131 et
650 2065 717 2141 vitu
738 2065 813 2152 quid
836 2068 954 2134 artibus
975 2074 1063 2138 acta?

162 2177 206 2244 10
247 2169 393 2237 Abstulit
410 2193 473 2236 una
493 2170 558 2236 dies
580 2170 653 2236 aevi
673 2169 781 2252 decus,
800 2172 924 2260 ictuque¹
941 2175 1035 2240 luctu

248 2273 408 2341 Conticuit
427 2276 540 2341 Latiae
550 2274 654 2344 tristis
676 2274 825 2364 facundia
843 2276 981 2365 linguae.
1085 2315 1089 2327 ·

248 2379 354 2446 Unica
374 2379 517 2445 sollicitis
539 2379 703 2468 quondam
722 2383 818 2448 tutela
837 2384 992 2470 salusque,

246 2485 421 2572 Egregium
443 2509 571 2575 semper
590 2487 712 2576 patriae
732 2499 838 2576 caput,
866 2489 922 2554 ille
941 2501 1066 2554 senatus

247 2591 396 2674 Vindex,
417 2590 473 2656 ille
493 2591 574 2674 sori,
594 2593 720 2679 legum,
740 2577 895 2680 iurisque,
916 2606 1066 2682 togaeque

167 2707 208 2771 15
248 2693 381 2762 Publica
401 2721 468 2763 vox
488 2697 591 2761 saevis
613 2711 777 2764 aeternum
798 2697 956 2765 obmutuit
977 2699 1106 2765 armis.¹

248 2800 410 2867 Informes
432 2801 536 2867 vultus
556 2825 762 2892 sparsamque
782 2827 897 2870 cruore
916 2801 1056 2869 nefando

249 2907 409 2976 Canitiem
429 2931 593 2998 sacrasque
612 2933 725 2976 manus
751 2931 948 2998 operumque
968 2909 1131 2974 ministras

252 3013 448 3091 Tantorum,
472 3014 605 3099 pedibus
627 3015 707 3078 civis
728 3015 868 3102 proiecta
888 3013 1032 3100 superbis
1128 3014 1130 3020 ’

161 3195 164 3201 ¹
249 3115 453 3181 Proculcauit
474 3137 574 3179 ovans
583 3121 598 3198 ‚'
616 3139 676 3181 nec
699 3119 821 3182 lubrica
841 3116 904 3180 fata
926 3115 1062 3200 deosque

165 3237 209 3300 20
251 3215 421 3308 Respexit:
443 3218 533 3282 nullo
554 3219 618 3284 luet
639 3219 701 3284 hoc
721 3217 883 3286 Antonius
904 3239 996 3283 aevo.

198 3332 201 3340 '
252 3329 326 3394 Hoc
346 3323 462 3389 necin
483 3323 634 3392 Emathio
657 3326 744 3392 mitis
764 3326 900 3392 victoria
920 3325 1026 3408 Perse,

252 3436 390 3513 Necte,
416 3429 485 3494 dire
506 3431 657 3518 Syphax,
686 3457 746 3498 nec
766 3432 841 3498 fecit
860 3432 897 3498 in
916 3431 1006 3496 hoste
1026 3425 1188 3520 Philippo,

252 3539 355 3624 lnque
374 3535 570 3622 triumphato
591 3538 731 3604 ludibria
751 3549 860 3604 cuncta
879 3536 1030 3622 Iugmtha

254 3641 431 3724 Asuerunt',
452 3653 638 3730 nostraeque
659 3645 773 3710 cudens
792 3643 878 3708 ferus
901 3639 1062 3708 Hannibal
1082 3641 1149 3705 irae

170 3762 213 3826 25
255 3745 407 3816 Membra
426 3755 534 3809 tamen
556 3744 685 3833 Stygias
706 3748 777 3815 tulit
797 3747 951 3814 inviolata
972 3745 1028 3812 sub
1049 3746 1190 3812 umbras.

497 3985 501 3996 .
683 3916 767 3990 125.

571 4024 717 4114 ‘Alpbii
746 4024 860 4104 Aviti.
887 4077 890 4082 ,

399 4187 418 4214 q.
460 4188 463 4196 .
483 4132 578 4198 Tum
596 4129 749 4204 litterator
770 4129 904 4201 creditos

430 4235 579 4313 „Ludo
600 4233 761 4310 Faliscum
781 4235 910 4320 liberos,
997 4275 1000 4289 ·

484 4344 632 4420 Causatus
646 4340 688 4418 iu
709 4341 818 4433 campi
834 4355 943 4433 pateus
