2992 4826
583 227 790 342 „ss-

212 413 338 484 Pallida
356 411 530 486 fluerent
549 413 913 506 coenantem,
942 459 968 472 ..
1077 460 1079 469 ·

212 521 379 588 Inmatura
395 519 511 596 ¹cadant
531 518 633 592 ramis
653 517 826 612 pendentia
845 521 943 606 mala,
1054 575 1058 596 ,

210 625 335 692 Desint
348 639 380 694 et
394 627 489 698 silvis
509 623 643 694 frondes
660 634 697 690 et
715 621 859 706 fontibus
878 627 1023 714 lesmor,
1044 685 1047 694 ,

210 729 283 796 Nec
303 730 384 800 desit
401 730 519 798 nostris
540 729 695 800 devotum
714 749 848 800 cumen
867 733 993 805 avenis.

99 845 167 909 '20
209 836 301 902 Hinc
321 834 461 903 Veneris
482 831 574 900 vario
593 831 742 906 florentia
759 845 844 910 serta
864 835 992 921 decore,

210 940 380 1028 Purpureo
401 961 531 1028 campos
556 959 636 1025 quae
655 934 795 1028 pingunt,
806 962 911 1008 verna
933 941 1053 1027 colore,

205 1047 296 1114 Hinc
318 1067 412 1111 aurae
431 1043 556 1128 dulces,
580 1043 657 1112 hino
674 1040 783 1112 suavia
801 1045 948 1134 spiritual
990 1045 1077 1136 Agri

153 1152 155 1158 ’
208 1152 340 1220 Mittant
362 1146 531 1239 pestiferos
551 1159 655 1216 aesna
674 1159 706 1214 et
726 1160 805 1216 tetra
824 1174 960 1220 venena.

212 1256 332 1322 Dulcia
350 1278 419 1323 non
438 1255 557 1340 oculis,
574 1272 643 1322 non
665 1252 792 1322 auribus
814 1257 880 1324 talla
901 1256 1055 1333 ferantur.
1150 1327 1154 1336 ,

112 1371 163 1438 25
216 1361 271 1432 sic
289 1385 420 1452 precor,
442 1371 476 1427 et
494 1357 780 1449 nostrissuperent
796 1360 876 1428 haec
894 1365 1041 1445 earmina
1062 1367 1158 1434 votis.

208 1468 347 1535 Lusibus
367 1476 399 1532 et
418 1466 558 1532 multum
582 1465 700 1532 nostris
720 1477 841 1540 cantata
859 1467 978 1536 libellis

94 1567 96 1570 ’
208 1573 342 1662 Optima
362 1571 532 1655 silvarum,
554 1569 709 1639 formosis
731 1570 828 1638 densa
847 1571 970 1655 viretis,

207 1677 370 1745 Tonderis
391 1677 513 1745 virides
533 1677 676 1760 umbras,
695 1699 755 1747 nec
770 1676 852 1744 laeta
872 1688 1033 1744 comantes

206 1783 338 1876 lactabis
359 1785 475 1851 molles
495 1805 604 1850 ramos
625 1779 809 1847 inflantibus
830 1777 927 1844 ants.

118 1903 164 1966 30
206 1889 279 1956 Nec
298 1887 383 1954 mihi
402 1912 495 1977 saepe
515 1908 628 1954 meum
647 1881 824 1965 resonabit,
845 1882 988 1965 Battara,
1012 1904 1155 1968 emman,

205 1991 322 2062 Militis
337 1992 425 2080 inpia
446 2015 522 2058 cum
542 1989 683 2056 succidet
701 1989 833 2057 dextera
855 1984 944 2052 ferro

204 2101 442 2182 Formosaeque
462 2095 574 2160 cadent
594 2093 738 2162 umbrae·
779 2091 969 2158 Formosior
990 2091 1056 2156 illis

208 2206 282 2294 Ipsa
303 2200 411 2284 cades,
431 2199 548 2267 veteris
572 2199 699 2266 ‹iomini
719 2196 826 2264 felicia
848 2196 947 2282 ligna.

205 2307 447 2396 Nequidquam!
478 2305 596 2372 nostris
612 2303 703 2370 toties
725 2303 840 2370 devota
861 2301 981 2368 libellis

119 2427 165 2494 35
208 2413 339 2502 Ignibus
360 2410 507 2478 aetheriis
527 2409 683 2498 flagrabit.
725 2408 846 2497 Iupiter
866 2407 946 2496 ipse,

204 2518 324 2607 Iupiter
344 2516 426 2582 hanc
446 2517 523 2583 alsait
529 2541 541 2600 3
562 2517 643 2584 cinis
664 2516 743 2582 haec
763 2513 824 2582 tibi
844 2513 899 2580 fiat
921 2529 1054 2604 oportet.

206 2623 343 2692 Threcia
363 2633 434 2688 tum
452 2623 576 2688 Boreae
595 2621 718 2712 spirent
737 2620 881 2688 inmania
901 2619 1000 2706 vires,

206 2731 311 2798 Eurus
331 2739 401 2815 agat
419 2726 551 2794 mistam
571 2725 664 2794 fulva
683 2728 820 2815 caligine
842 2726 975 2807 nubem,

206 2833 339 2904 Africus
359 2833 516 2900 inmineat
537 2830 658 2898 nimbis
681 2833 902 2900 minitantibus
923 2833 1076 2918 imbrem,

117 2950 164 3019 4ο
205 2943 291 3011 Cum
310 2955 363 3008 tua
387 2963 510 3028 cyaneo
530 2938 736 3028 resplendens
758 2939 886 3006 aethere
902 2939 987 3005 silva
1103 2963 1136 3003 s⁴

204 3047 285 3114 Non
303 3046 421 3111 iterum
441 3046 528 3130 luget
548 3045 661 3110 crebro
679 3055 752 3128 tua,
772 3041 898 3130 Lydia,
922 3041 998 3108 dici.

204 3149 340 3218 Vicinae
360 3148 511 3212 flammae
530 3147 659 3232 rapiant
679 3171 721 3212 ex
742 3146 856 3214 ordine
877 3145 973 3227 vites,

202 3257 375 3322 Pascentur
395 3261 523 3338 segetes,
545 3248 668 3314 diffinis
688 3247 814 3337 ignibus
832 3271 908 3316 aura

205 3360 417 3444 Transvolet,
438 3355 605 3424 arboribus
628 3355 798 3443 coniungat
818 3367 848 3424 et
869 3354 966 3424 ardor
986 3355 1105 3424 aristas.

117 3475 164 3546 45
204 3467 328 3536 Portica
356 3488 417 3554 qua
437 3475 562 3530 nostros
583 3473 702 3529 metata
723 3472 769 3528 est
788 3460 877 3552 inpia
899 3463 1028 3551 agellos,

80 3581 85 3598 '
203 3572 277 3660 Qua
295 3571 398 3638 nostri
419 3567 498 3635 linea
524 3567 621 3654 olim,
648 3567 728 3634 cinis
749 3569 860 3636 omnia
884 3551 972 3636 liant.
1088 3553 1090 3558 ⁸

203 3677 257 3742 Sic
276 3699 409 3766 precor,
430 3687 461 3742 et
480 3676 599 3742 nostris
620 3689 769 3766 superent
789 3677 867 3743 haec
888 3674 1033 3742 carmina
1055 3672 1148 3741 votis.

203 3783 336 3866 Undae,
356 3803 437 3868 quae
456 3777 570 3847 vestris
592 3782 720 3869 pulsatis
740 3782 847 3850 littora
867 3781 1024 3870 lymphis,

203 3887 346 3970 Littora,
367 3909 446 3974 quae
469 3886 575 3951 dulces
596 3910 686 3953 auras
708 3887 884 3954 diffunditis
909 3887 1003 3974 agris,

120 4005 162 4068 50
204 3990 354 4080 Accipite
373 3992 429 4057 has
453 4013 567 4058 voces:
588 3992 705 4078 migret
724 3995 892 4082 Neptunus
913 3990 949 4058 in
966 4015 1054 4066 arva,

201 4097 384 4182 Fluctibus,
406 4109 437 4164 et
456 4096 556 4188 spissa
578 4117 706 4186 campos
727 4095 899 4187 perfundat
918 4119 1022 4164 arena.

194 4189 277 4291 'Qua
297 4201 460 4270 Vulcanus
482 4223 590 4290 agros,
617 4213 722 4290 pastus
743 4200 831 4268 Iovis
852 4199 994 4289 ignibus,
1015 4214 1110 4286 arcet,

202 4309 344 4378 Barbara
364 4307 484 4378 (beatur
504 4306 630 4396 Libye,
650 4327 745 4374 soror
766 4307 863 4374 altera
883 4306 1000 4395 Syrtis.

1237 3331 1295 3358 ..θ
