3000 4820
671 243 742 320 157

243 427 364 502 Rursus
384 446 415 500 et
435 434 510 501 hinc
529 435 667 521 geminis
687 435 754 499 sole
780 445 979 500 excrescente
993 433 1121 522 iugatis,

243 542 371 628 Septem
390 552 498 626 quarta
519 537 614 628 pedes
634 540 747 605 retinet
766 561 917 604 mensura
941 538 1120 628 decemque.

244 645 314 710 Hac
335 643 430 708 etiam
450 642 534 708 binis
555 645 671 709 umbra
691 642 829 730 fugiente
849 644 957 709 recisis

159 755 200 816 50
242 746 310 811 Ter
331 747 434 835 quinia
458 748 604 834 quintam
625 745 756 835 pedibus
776 769 832 810 sua
859 747 945 812 linea
963 745 1075 830 tendit,

243 852 399 918 Centrum
422 865 556 938 tuncque
575 851 711 916 brevem
732 849 799 917 iam
819 852 887 915 sole
906 865 1034 939 regente
1057 852 1191 934 duobus,

241 953 385 1022 Abscisis
408 972 513 1023 ternos
533 957 631 1022 denos
656 954 719 1022 sibi
738 968 825 1023 sexta
845 969 989 1024 retentat.

176 1047 177 1051 Ἰ
239 1061 381 1128 cedendi
403 1063 489 1127 hunc
508 1083 637 1127 morem
657 1060 786 1128 numeri
804 1061 947 1128 servabis
968 1060 1093 1148 ubique.

237 1163 305 1250 Qui
325 1165 488 1231 Februum
511 1187 662 1231 mensura
681 1175 768 1229 tenet
786 1165 943 1252 sociatque
962 1165 1191 1232 Novembrem

154 1279 198 1344 55
240 1269 309 1336 Ter
330 1270 420 1337 denis
437 1269 570 1360 pedibus
590 1291 754 1357 supremas
775 1270 894 1357 colligit
917 1270 1057 1336 umbras.

238 1375 384 1463 Moxque
401 1397 524 1444 novem
547 1385 692 1440 constent
717 1373 849 1462 pedibus
872 1373 1022 1461 denisque
1039 1386 1213 1462 sequentes,

238 1479 340 1545 Linea
360 1491 432 1547 tum
451 1493 571 1572 septem
592 1491 684 1566 atque
705 1477 818 1544 decem
839 1478 902 1544 sibi
923 1479 1013 1544 tertia
1033 1477 1143 1544 tendit.

236 1582 358 1669 Quarta
378 1587 474 1674 pedes
494 1585 613 1676 pariter
633 1595 682 1649 ter
705 1583 819 1669 quinos
838 1583 959 1668 colligit
977 1581 1107 1648 umbra.

236 1691 324 1758 Hinc
344 1691 476 1779 pedibus
497 1690 595 1756 ternis
618 1709 655 1752 ac
676 1687 765 1752 denis
787 1687 894 1774 quinta
913 1685 1053 1773 patescit,
1125 1701 1128 1708 ’

151 1802 194 1868 60
236 1796 508 1879 scandentemque
528 1805 633 1858 rotam
652 1791 786 1858 undenis
808 1812 887 1855 mox
910 1801 998 1854 sexte
1016 1805 1158 1866 coercet,

234 1899 387 1966 Cursibus
409 1896 586 1988 Octobrem
605 1893 734 1960 sibimet
752 1896 818 1982 quis
838 1893 972 1958 Martius
992 1909 1112 1983 aequat,

235 2005 319 2071 Octo
340 2002 435 2092 pedes
454 2000 561 2089 prima
583 2011 613 2066 et
635 1999 684 2066 bis
707 1999 804 2066 denos
823 1999 908 2064 linea
935 1995 1013 2084 figit.

232 2111 344 2176 Denos
364 2118 396 2173 et
417 2117 539 2194 septem
560 2105 703 2192 complet
727 2104 892 2191 statuitque
911 2104 1056 2188 secunda,

234 2212 345 2281 Tertia
367 2208 534 2298 quindenis
555 2209 684 2277 Phoebo
710 2210 896 2280 ascendente
915 2220 1048 2291 tenetur,

151 2325 194 2391 65
236 2315 359 2404 Qumta
380 2316 491 2382 decem
512 2313 667 2382 excedens
688 2313 822 2406 pedibus
843 2313 923 2402 fugit
942 2314 1047 2402 agnita
1067 2317 1180 2399 ternis,

232 2422 317 2490 Mox
337 2421 434 2488 etiam
455 2421 562 2510 quinta
582 2421 716 2488 undenis
735 2421 864 2512 spatiata
884 2419 1013 2504 recedit,

233 2529 328 2595 Sexta
348 2549 471 2595 novem
492 2527 624 2617 pedibus
644 2528 757 2621 pandit
775 2549 831 2594 sua
850 2525 983 2591 lumina.
1029 2525 1157 2591 Deinde
1221 2513 1224 2520 ¹

231 2632 323 2719 Quae
341 2632 417 2720 tibi,
438 2633 640 2722 September,
667 2633 838 2702 florentem
860 2630 954 2696 nectit
974 2629 1136 2717 Aprilem,

220 2739 284 2817 ,Bis
306 2737 395 2804 denis
415 2737 531 2803 umbra
550 2750 582 2802 et
605 2738 689 2804 senis
711 2737 801 2804 docet
820 2737 924 2803 orbita
943 2732 1085 2825 primam

145 2854 189 2915 70
230 2842 270 2908 In
289 2841 422 2933 pedibus
443 2841 500 2906 sub
523 2841 689 2928 quindenis
710 2841 853 2932 fugitque
873 2839 1056 2906 secundam·
1166 2871 1173 2882 ’

229 2946 348 3014 Ternis
370 2967 405 3010 ac
427 2945 516 3010 denis
537 2969 667 3012 cursum
689 2969 812 3034 quoque
831 2944 923 3010 tertia
945 2940 1057 3007 frenat·

229 3049 375 3117 Undenis
397 3071 540 3115 crescens
563 3049 694 3139 pedibus
715 3061 785 3114 tum
806 3058 914 3134 quarta
935 3043 1062 3124 recedit,

231 3155 351 3242 Quinta
378 3176 501 3219 novem
526 3153 659 3242 pedibus
681 3173 810 3218 cursum
836 3147 1012 3235 clauditque
1031 3157 1223 3234 patentem„

231 3259 435 3351 septenisque
454 3282 526 3324 suos
548 3255 714 3346 componit
733 3266 822 3322 sexta
842 3265 972 3319 meatus.

144 3377 186 3441 75
227 3366 410 3454 Augustum
430 3375 463 3430 et
484 3365 611 3432 Maium
631 3359 733 3448 iungit
753 3383 833 3450 quae
860 3358 944 3425 linea
962 3355 1119 3448 primunr,
1182 3395 1183 3404 κ

227 3472 283 3538 Bis
304 3471 393 3536 denis
414 3471 547 3538 umbrae
573 3469 705 3560 pedibus
727 3481 813 3533 meat
832 3488 930 3554 usque
951 3462 1118 3552 quaternis,

118 3635 130 3646 .
227 3577 315 3642 Cum
334 3577 423 3642 denis
444 3589 552 3644 ternos
574 3573 727 3642 excrescit
746 3593 888 3661 moxque
907 3565 1053 3648 secunda,

225 3679 373 3746 Undenis
397 3683 519 3747 clarum
540 3679 700 3747 concludit
726 3677 816 3744 tertia
836 3695 975 3757 cursum,

226 3782 348 3868 Quarta
366 3796 451 3873 patet
470 3787 601 3874 pedibus
623 3786 712 3852 coelo
732 3782 884 3874 tepefacta
902 3776 1048 3848 novenis.
1162 3817 1169 3832 ·

140 3899 184 3964 80
227 3887 357 3977 Septem
377 3889 486 3976 quinta
506 3904 590 3957 tenet
605 3889 748 3980 propriis
769 3888 858 3955 finita
877 3887 935 3954 sub
956 3883 1091 3964 umbris,

223 3993 381 4080 Sertaque
399 4005 469 4058 tum
489 3996 593 4082 quinis
613 3993 755 4062 ferventi
775 4004 874 4060 cessat
890 3991 927 4056 in
947 3990 1035 4055 orbe.

203 4097 390 4164 *Horarum
410 4097 472 4163 sibi
492 4098 673 4185 Quintilem
693 4102 762 4188 quis
780 4098 889 4166 Iunius
908 4107 1028 4184 aequat,

222 4202 278 4266 Bis
300 4202 389 4268 denis
410 4203 516 4292 prima
536 4203 571 4269 in
591 4202 722 4292 pedibus
742 4215 825 4292 patet
844 4215 934 4290 atque
954 4199 1085 4282 dnobus,

220 4305 431 4398 Undenisque
450 4329 559 4372 means
580 4307 753 4375 ostenditur
772 4307 846 4374 iude
866 4305 1011 4387 secunda,
