3000 4820
684 212 943 320 ...im

321 417 412 482 lunia
433 410 610 501 Quintilem
629 404 781 490 scandens
800 394 898 469 trahit
918 403 1024 489 orbita
1039 426 1199 468 mensem.

240 537 280 596 10
323 523 409 606 Quas
430 539 501 583 ores
522 512 584 580 sibi
604 510 796 596 coniungant
815 507 849 571 in
868 506 988 592 flente,
1020 507 1138 590 videto,

236 655 240 661 ·
291 631 297 638 “
318 627 453 706 Lector,
473 618 558 685 etin
578 615 697 680 cunctis
721 633 820 697 aequo
842 611 1013 680 observare
1029 625 1206 682 memento.

321 731 435 798 Mense
454 724 546 792 omni
563 721 670 811 prima
688 715 877 782 undecimae
903 717 1102 807 coniungitur
1124 717 1235 782 horae:

254 869 257 874 ·
321 835 410 900 Hinc
428 827 552 896 umbris
574 823 732 891 decimam
752 820 847 884 nectit
867 842 1020 907 cursuque
1039 820 1185 886 secunda.

319 937 429 1005 Tertia
448 957 530 1000 mox
547 951 671 1012 nonam¹
687 925 810 1017 punctis
830 925 1050 1014 complectitur
1068 924 1181 990 isdem.

239 1058 278 1118 15
321 1043 460 1110 Octavae
479 1037 597 1128 pariter
617 1031 806 1122 praecedens
828 1039 935 1116 quarta
955 1028 1109 1093 cohaeret.

220 1142 223 1150 ’
321 1147 476 1235 Quintam
495 1139 693 1226 subsequitur
712 1158 848 1202 numero
869 1145 940 1223 post
959 1132 1092 1220 septima
1112 1131 1206 1200 iusto.

322 1255 396 1319 Sola
414 1274 483 1336 suas
503 1258 624 1314 tantum
644 1264 806 1308 mensuras
827 1253 914 1306 sexta
933 1250 1075 1306 retentat.

319 1357 479 1425 Omnibus
500 1354 573 1434 has,
592 1349 708 1428 lector,
728 1345 920 1430 coniungens
943 1343 1105 1411 mensibus
1125 1344 1232 1425 horas,

321 1463 411 1548 Quos
429 1468 579 1544 superant
597 1452 696 1542 spatio
723 1449 911 1516 umbrarum
932 1449 1101 1544 cedantve,
1127 1448 1246 1514 videto.
1344 1469 1348 1474 ·

237 1583 279 1646 20
322 1569 397 1636 Hoc
413 1566 519 1630 tamen
540 1558 576 1623 in
594 1555 709 1644 primis
729 1577 863 1621 noscens
882 1551 1031 1636 retineto,
1055 1555 1139 1642 quod
1161 1553 1247 1620 urbis

320 1673 476 1752 Diversae
495 1674 598 1753 partes
625 1659 729 1725 varias
751 1657 896 1740 forment
916 1681 1039 1746 quoque
1059 1672 1168 1725 metas.
1210 1693 1214 1703 ,

321 1779 410 1845 Nam
429 1793 506 1863 quae
526 1766 635 1833 vicino
655 1775 816 1830 torrentur
835 1763 902 1828 sole
920 1764 979 1828 sub
1001 1762 1168 1846 Amnum,

320 1881 368 1948 Ut
385 1901 478 1966 mage
497 1876 570 1940 luce
588 1871 705 1952 nitent,
731 1869 884 1934 minimas
904 1867 950 1932 sic
970 1868 1100 1954 gignere
1118 1879 1251 1957 possunt

319 1985 471 2052 Umbras.
513 1979 602 2063 Quae
617 1976 737 2067 Boreae
756 1971 936 2060 frigentque
955 1971 1118 2058 iacentque
1136 1970 1196 2037 snb
1217 1992 1286 2052 axe,
1367 2035 1369 2040 ,

239 2109 280 2170 25
321 2094 424 2158 Nocte
443 2083 544 2170 magis
564 2080 659 2164 longa
676 2076 874 2162 tenebrisque
891 2089 1083 2166 premuntur
1102 2076 1219 2166 opacis·
1276 2155 1279 2159 Δ
1354 2143 1357 2147 ,

321 2199 411 2282 Quae
429 2187 543 2256 mediis
565 2184 603 2248 ab
623 2195 757 2269 utroque
784 2182 932 2248 absistunt
951 2184 1091 2271 partibus
1112 2205 1183 2264 axe,

321 2302 408 2368 Inter
436 2307 606 2376 utrumque
625 2287 720 2352 etiam
747 2286 852 2352 lucem
872 2287 1077 2354 moderantur
1099 2299 1129 2352 et
1147 2284 1290 2350 umbras.

210 2459 213 2476 .
321 2408 409 2491 Ergo
430 2421 502 2486 age,
522 2396 550 2461 si
568 2391 704 2460 subiecta
724 2391 880 2477 legentem
900 2392 1032 2478 pagina,
1051 2392 1160 2472 lector,

320 2513 371 2575 Te
391 2515 519 2585 movet,
538 2500 621 2582 hanc
640 2495 695 2560 illa
714 2493 844 2578 regione
864 2496 1012 2582 probabis
1033 2495 1071 2560 ab
1093 2496 1162 2584 ipso

239 2631 282 2692 30
322 2610 489 2692 Danubio,
508 2601 682 2692 Hesperiae
700 2597 824 2687 primos
846 2621 906 2684 qua
926 2600 1031 2686 vergit
1048 2600 1088 2664 sd
1109 2609 1205 2682 ottus,

322 2713 539 2805 Lugduniqne
558 2706 638 2774 urbe
658 2718 687 2771 et
706 2704 859 2769 Rhodani
880 2705 1025 2770 distincta
1042 2699 1168 2769 fluentis

323 2820 463 2912 Respicit
483 2811 604 2897 Oceani
626 2807 791 2876 interfusos
812 2808 890 2874 orbe
909 2810 1087 2876 Britannos.

322 2932 396 3000 Hoc
415 2943 542 3012 quoque
560 2931 591 2983 te
610 2917 690 2982 inste
710 2915 865 2980 horarum
885 2936 1036 2978 mensura
1054 2913 1211 2996 monebit,

323 3033 524 3102 Umbrarum
546 3034 652 3090 motus
671 3020 787 3114 primis
807 3043 848 3086 ne
868 3018 951 3084 sorte
971 3017 1126 3104 Kalendis

206 3183 207 3187 =
241 3157 283 3222 35
325 3143 447 3208 Ponere
468 3143 498 3196 et
519 3126 680 3194 adfinem
706 3123 786 3189 velis
807 3123 982 3219 perducere
1000 3123 1129 3188 mensis.

324 3248 413 3312 Nam
432 3236 537 3329 pridie
556 3233 749 3298 umbrarum
769 3227 867 3292 fuerit
888 3250 968 3313 quae
986 3240 1070 3292 meta
1090 3228 1248 3317 priorum,

324 3347 390 3414 Sub
410 3353 536 3409 noctem
559 3336 668 3424 nequit
687 3333 723 3400 in
741 3355 840 3398 vanos
861 3330 996 3396 transire
1015 3354 1174 3412 recursus,

326 3456 360 3523 A
379 3450 487 3518 medio
507 3446 543 3512 in
562 3443 708 3510 medium
735 3435 852 3502 sensim
871 3433 927 3500 sed
948 3457 1087 3500 crescere
1106 3454 1250 3497 mensem

313 3553 524 3628 Deminuive
544 3549 674 3616 umbras
695 3565 773 3610 vera
792 3538 914 3606 ratione
934 3539 1097 3622 docemur,

243 3678 284 3742 4ο
326 3666 360 3733 Α
380 3661 487 3730 medio
507 3660 543 3724 in
563 3653 708 3720 medium
729 3646 896 3732 signorum
919 3656 952 3709 ut
971 3645 1114 3710 volvitur
1133 3656 1231 3708 ortus.

218 3785 221 3800 ·
325 3775 489 3840 Horarum
510 3763 575 3830 iam
596 3775 683 3822 nunc
703 3765 846 3818 texemus
870 3749 905 3815 in
921 3750 1038 3822 ,ordine
1059 3761 1171 3832 metas,

326 3877 446 3954 Linea,
468 3889 547 3954 quae
566 3860 636 3928 lani
654 3855 760 3947 prima
780 3866 825 3922 est
851 3854 1032 3942 pariterque
1051 3853 1251 3936 Decembris,

284 3976 298 4010 ²
327 3973 477 4052 Tricenis
495 3967 627 4054 pedibus
651 3961 796 4050 binisque
816 3958 992 4048 exporrigit
1013 3959 1174 4042 umbram,

328 4076 536 4160 Undenisque
555 4089 686 4156 sequens
707 4063 850 4153 pedibus.
891 4063 975 4130 Mox
1001 4063 1124 4153 umbra
1137 4061 1243 4130 recisis
1283 4090 1287 4103 1

246 4197 288 4268 45
330 4188 473 4254 Tantum
494 4175 543 4244 bis
565 4169 653 4240 denis
681 4193 809 4257 unoque
829 4182 953 4237 extenta
972 4167 1112 4256 patescit.

328 4283 463 4355 Umbris
483 4281 551 4368 ipsa
572 4275 682 4340 decem
707 4275 775 4362 figit
794 4273 890 4342 simul
912 4286 1004 4359 atque
1022 4293 1177 4337 novenos.
