2992 4826
773 251 823 328 68

699 335 906 370 mam

636 562 749 631 Sentii
770 559 964 652 Augurini·

428 686 539 751 Canto·
550 679 697 747 carmina
715 677 862 745 versibus
880 679 1015 748 minutis

427 787 506 872 His,
528 787 611 854 olim
633 787 746 876 quibus
768 798 798 852 et
818 807 909 851 meus
932 787 1071 854 Catullus

426 891 470 958 Et
490 893 621 959 Calvus.
664 890 797 958 Veteres
819 888 896 976 quid
917 915 938 957 ο
956 891 1013 958 sed
1034 889 1072 957 sd
1095 895 1188 959 me?-

427 997 520 1064 Unus
542 991 665 1062 Plinius
685 1009 731 1063 est
752 995 836 1062 mihi
854 995 996 1086 priorest

426 1099 556 1168 Mavult
579 1099 753 1168 versiculos
775 1098 848 1170 foro
870 1104 992 1187 relicto',

415 1208 469 1272 'Et
490 1203 627 1291 quaerit,
648 1203 736 1291 quod
758 1219 860 1288 umet,
882 1219 1031 1294 putatque
1048 1208 1164 1274 emani.

425 1307 485 1377 ssle
507 1328 531 1371 ο
548 1305 688 1390 Plinius,
715 1305 772 1372 ille
793 1320 870 1394 quot
891 1310 1043 1376 Catones!

426 1415 566 1496 Istunc,
589 1409 728 1500 quisquis
751 1434 855 1496 ames,
879 1436 989 1482 amare
1011 1409 1091 1482 noli.

756 1545 840 1622 198.

704 1643 893 1738 Sulpiciae»

449 1765 503 1829 Ne
524 1785 578 1830 me
600 1751 742 1828 cadurcis
765 1763 945 1834 destitutam
965 1767 1071 1834 fasciis

449 1867 582 1936 Nudum
604 1866 725 1935 Caleno
746 1871 978 1940 concubantem
997 1873 1151 1964 proferet.

585 2105 638 2172 M.
664 2103 704 2174 V
700 2002 1009 2178 aleiil9it1artialis

682 2210 710 2266 in
728 2214 918 2271 Domitianum.

348 2401 460 2471 Flavia
480 2425 574 2491 gens,
595 2419 749 2494 quantum
769 2406 828 2474 tibi
849 2408 958 2476 tutius
981 2406 1104 2500 abstulit
1125 2405 1232 2472 heres!

389 2509 474 2576 Pcnc
496 2507 555 2577 luit
574 2514 668 2602 tanti,
697 2538 765 2580 non
784 2514 931 2580 imbuisse
953 2513 1042 2578 duos.

581 2747 630 2816 M.
656 2747 801 2818 Valerii
821 2748 1015 2818 Martialis.

324 2859 396 2932 Nec
417 2864 496 2928 volo
516 2887 571 2930 me
591 2854 879 2930 summis'fortunn
902 2887 962 2929 nec
982 2863 1119 2952 adplicet
1142 2862 1229 2946 imis,

319 3023 321 3031 .
368 2965 431 3032 sed
451 2969 598 3036 medium
617 2970 706 3062 vitae
723 2982 882 3060 temperet
901 2971 957 3036 illa
978 2969 1126 3057 gradum.

324 3073 452 3139 Invidia
472 3073 631 3159 excelsos,
656 3075 768 3166 inopes
790 3074 908 3142 inimic
927 3085 1040 3141 vexate

365 3175 474 3264 Quam
496 3178 577 3251 felix
597 3181 699 3268 vivit,
730 3180 870 3270 quisquis
891 3191 1025 3268 utroque
1046 3181 1147 3246 caret!

702 3365 710 3383 .
753 3315 838 3382 201.

585 3415 638 3485 M·
664 3415 807 3490 Valerii
827 3411 1008 3482 Martialis

651 3523 686 3576 de
704 3523 794 3575 Prisco
812 3529 840 3572 et
858 3519 942 3573 vero.

213 3602 233 3667 l
325 3615 411 3682 Cum
431 3617 569 3686 traheret
588 3619 733 3703 Priscus,
755 3619 892 3686 traheret
912 3611 1086 3683 certamina
1107 3611 1224 3701 vens,

365 3721 459 3788 Esset
478 3736 508 3789 et
528 3726 664 3812 aequalis
685 3725 777 3792 Mars
798 3723 961 3811 utriusque
982 3721 1047 3802 diu,

323 3825 438 3893 Missio
459 3851 552 3920 saepe
572 3830 654 3897 viris
675 3853 794 3919 magno
817 3829 958 3894 clamore
981 3824 1077 3915 petits
1098 3837 1156 3899 est.

367 3931 431 3996 Sed
454 3935 569 4000 Caesar
590 3936 654 4023 legi
674 3935 777 4024 paruit
797 3933 867 4025 ipse
886 3957 970 4000 sune.

239 4045 261 4110 5
323 4038 401 4102 Lex⁴
417 4051 500 4122 erat,
522 4038 571 4106 tad
593 4041 730 4130 digitum
751 4039 852 4130 posita
873 4060 1064 4105 concurrere
1086 4037 1204 4126 palma·
1301 4111 1304 4124 .
1400 4123 1409 4138 ,

367 4142 465 4230 Quod
485 4144 592 4228 licuit,
618 4145 723 4210 lances
745 4145 890 4234 donaque
910 4165 1003 4232 saepe
1024 4142 1122 4208 dedit«

320 4243 478 4318 'Inventus
499 4264 608 4315 tamen
630 4264 675 4316 est
695 4247 769 4314 finis
792 4247 987 4316 discriminis
1009 4245 1114 4334 aequis

362 4355 550 4445 Pugnavere
572 4369 680 4442 panes,
703 4342 895 4422 succubuese
916 4373 1019 4440 pares.
