2992 4826
813 241 864 318 50

281 432 324 516 '15‘
366 438 430 509 Sed
450 448 621 522 superque
640 431 749 498 iocum
770 433 850 500 dicis
876 437 1061 526 vinumque.
1094 440 1184 530 Quid
1204 446 1245 513 ad
1265 463 1348 536 rem3

291 545 293 552 “
408 539 444 606 Si
463 538 609 628 plorem,
639 539 721 604 risus
741 539 770 605 si
790 553 860 607 tuns
879 541 939 608 ista
960 543 1057 614 facit?

365 631 473 736 Quaie
493 645 570 710 tolle
590 644 696 730 iocos3
729 669 798 712 non
817 659 864 712 est
884 647 989 734 iocus5
1026 675 1094 718 esse
1113 654 1304 744 malignum.

287 793 289 802 ‚
406 753 596 838 Numquam
615 763 688 819 sunt
710 750 809 840 greti,
838 753 894 842 qui
914 777 1067 846 nocuere,
1093 761 1184 829 salec.

682 993 684 1004 '
790 991 874 1070 139·

647 1096 694 1164 L.
710 1097 850 1165 Annaei
866 1098 1023 1167 Senecae.

368 1244 421 1309 Sic
440 1242 524 1308 mihi
544 1242 585 1309 sit
604 1240 704 1308 frater
723 1245 890 1330 maiorque
910 1246 1083 1333 minorque
1100 1261 1267 1336 superstes}

405 1349 448 1414 Et
472 1347 512 1412 de
531 1368 586 1410 me
603 1345 731 1412 doleant
748 1348 797 1412 nil
817 1349 880 1414 nisi
901 1365 1007 1416 morte
1025 1375 1108 1418 mea.

367 1454 421 1521 sie
441 1452 515 1518 illos
536 1450 685 1535 vincam,
706 1452 753 1516 sic
776 1454 887 1519 vincar
905 1455 1016 1520 ¹rursus
1038 1460 1186 1543 amando,

408 1557 537 1624 Mutuus
558 1557 641 1622 inter
665 1579 724 1621 nos
745 1557 792 1622 sic
811 1558 894 1624 bene
914 1573 1011 1627 certet
1032 1585 1135 1629 emor.

282 1673 303 1738 5
369 1662 422 1730 Sic
443 1661 528 1727 dulci
545 1664 675 1730 Marcus
709 1663 764 1751 qni
784 1687 872 1731 nunc
891 1689 1042 1732 sermone
1062 1659 1211 1754 fritinnit,

407 1766 557 1834 Facundo
579 1781 708 1858 patruos
729 1781 886 1856 provocet
906 1797 964 1850 ore
984 1773 1086 1842 dnos.¹

675 2106 718 2177 V
714 2103 833 2175 nicotii
848 2111 1002 2202 Sedigiti

585 2211 628 2282 (ex
641 2213 711 2266 libro
728 2217 772 2268 De
786 2218 881 2269 Poetis
899 2217 1089 2286 fragmentum.)

412 2332 531 2398 Multos
552 2329 690 2397 incertos
712 2344 830 2398 certare
851 2333 1026 2401 honorem
1046 2334 1202 2418 vidimuaj

409 2439 556 2503 Palmam
577 2451 688 2526 poetae
712 2439 837 2514 comico
859 2440 911 2504 cui
932 2439 1085 2506 deferant.

412 2543 498 2606 Eum
519 2525 734 2610 meoiudicio
760 2567 908 2610 errorem
930 2544 1106 2608 dissolvam
1128 2543 1196 2627 tibi,

399 2647 469 2737 Ut,
496 2661 605 2713 contra
625 2649 654 2713 si
677 2650 745 2737 quis
766 2651 887 2732 sentiat,
911 2649 959 2713 nil
980 2647 1101 2714 sentiat.

410 2751 557 2818 Caecilio
581 2755 725 2842 palmam
744 2747 856 2821 Stcitio
879 2753 920 2818 do
942 2753 1079 2817 comico.

409 2859 560 2926 Plautus
581 2857 735 2921 secundus
757 2856 852 2922 facile
872 2869 1025 2943 exuperat
1045 2855 1176 2922 ceterosss

407 2961 494 3028 Dein
514 2962 694 3042 Naevius,
715 2962 770 3047 qui
789 2960 911 3046 fervet,
934 2963 1038 3050 pretio
1059 2962 1096 3028 in
1115 2962 1208 3029 tertio
1230 2973 1287 3032 esta

411 3068 447 3132 Si
467 3068 545 3150 erit,
568 3067 653 3155 quod
673 3081 784 3156 quarto
806 3068 1062 3152 deturrdabitur
1076 3067 1229 3136 Licinio.

396 3173 481 3238 Post
500 3174 625 3262 insequi
645 3173 815 3239 Licinium
838 3172 923 3240 facio
943 3171 1122 3242 Accilium.

409 3278 448 3341 ln
469 3291 559 3346 sexto
580 3278 720 3364 seqnitur
739 3279 799 3342 hos
820 3282 893 3343 loco
919 3279 1122 3344 Terentina*

411 3380 594 3471 Turpilius
615 3382 805 3471 septimum,
831 3380 966 3447 Trabea
987 3393 1138 3446 octavum
1159 3382 1290 3448 obtinet.

411 3487 510 3553 Nono
530 3489 603 3554 loco
625 3511 693 3552 esse
712 3485 806 3552 facile
827 3483 910 3550 facio
930 3485 1108 3552 Luscium·

409 3593 587 3660 Decimmn
609 3593 692 3659 addo
714 3613 804 3656 cama
825 3590 1014 3679 antiquitatis
1037 3585 1204 3659 Enniana

409 3911 559 3976 Sumetnr
580 3909 714 3999 Hecyra
734 3921 822 3976 sexta
844 3931 885 3976 ex
906 3905 956 3974 his
977 3903 1083 3974 fabula

693 4049 739 4066 a·
896 4043 943 4066 hui

323 4117 325 4124 “
412 4119 478 4184 Sed
497 4133 530 4186 ut
547 4119 632 4190 Afer
644 4113 711 4190 'sex
731 4120 851 4213 populo
873 4121 973 4188 edidit
992 4116 1185 4204 comoedias,

409 4224 473 4290 Iter
497 4225 574 4293 hinc
594 4227 630 4292 in
651 4229 769 4295 Asiam
789 4230 872 4294 fecit.
920 4227 1047 4294 Navim
1068 4247 1143 4290 cum
1164 4222 1263 4288 semel

408 4329 611 4415 Conscendit,
634 4332 722 4400 visus
735 4354 913 4422 numquam
927 4331 1057 4398 catusio
1077 4329 1145 4399 vita
1163 4339 1263 4398 vacet.
