2994 4828
672 199 877 314 „Q

711 413 808 494 ¹839·
862 409 866 416 ⁴

494 524 538 590 In
562 521 613 590 M.
635 519 818 588 Annaeum
838 505 1035 586 Lucanum.

299 669 448 740 Corduba
470 692 525 734 me
539 668 671 755 genuit,
697 653 803 756 'rapuit
822 667 925 732 Nero.
958 647 1092 732 'Praelia
1114 657 1197 752 dixi,

344 778 435 862 Quae
454 767 578 863 gessere
597 795 690 862 pares
712 771 787 836 hinc
811 795 924 862 gener,
948 771 1025 838 inde
1045 795 1146 838 socer.

300 884 461 952 Continuo
481 900 659 963 numquam
681 875 786 942 direxi
808 877 951 942 carmina
973 878 1077 957 ductu,

344 991 435 1075 Quae
455 983 580 1050 tractim
601 994 745 1072 serpant:
767 983 838 1072 plus
865 981 948 1046 mihi
970 961 1099 1048 Samma
1120 984 1233 1072 placet.

217 1114 240 1178 5
303 1091 461 1164 Fulminis
482 1090 518 1155 in
539 1111 686 1172 morem,
708 1109 786 1174 quae
806 1100 880 1172 sunt
898 1087 1064 1174 miranda,
1086 1089 1231 1156 citantur.
1327 1176 1332 1186 .

342 1201 432 1266 Haec
453 1217 531 1262 vere
550 1193 651 1283 sapiet
672 1192 786 1278 dictio,
813 1215 892 1280 quae
913 1191 1016 1262 feriet.
1068 1199 1070 1207 ’
1246 1184 1251 1201 ’

735 1392 821 1468 840.

644 1503 690 1570 Iu
710 1503 906 1571 Lucanum.

203 1673 206 1680 ’
308 1652 452 1722 Grandia
470 1651 524 1738 qui
545 1649 666 1738 exiguis
688 1649 813 1716 deducit
833 1649 914 1716 facta
935 1649 1064 1746 figuris,
1103 1636 1109 1660 ²
1135 1651 1140 1660 ’

352 1757 409 1824 Ad
431 1757 573 1823 Veneres
595 1756 699 1840 abeat,
730 1780 789 1822 nos
810 1757 884 1823 tuba
904 1781 998 1823 saeva
1021 1757 1122 1825 iuvat.

311 1863 471 1952 Sanguine
491 1883 569 1949 quae
589 1861 737 1946 rubeant,
767 1860 951 1929 Gradivum
973 1865 1115 1930 carmina
1136 1866 1270 1958 placant.

354 1971 407 2035 De
426 1969 548 2055 magnis
569 1967 674 2034 nolim
696 1967 802 2034 dicere
822 1992 935 2057 parva
947 1969 1036 2035 viris.

228 2089 249 2152 5
271 2153 274 2165 .
313 2077 402 2164 Quos
423 2074 535 2138 timeat
554 2074 703 2160 clypeus,
730 2072 902 2159 deposcunt
925 2075 1046 2162 praelia
1066 2099 1194 2142 versus:

353 2183 436 2247 tetus
461 2177 517 2264 qui
538 2177 666 2242 nullum
688 2179 850 2262 vulnerat,
884 2179 971 2244 hunc
993 2193 1117 2271 repeto.

315 2287 378 2352 Sed
399 2284 499 2350 variis
520 2283 618 2347 armis
640 2303 726 2346 nunc
745 2284 852 2349 servio
875 2288 1018 2352 Caesaris
1040 2289 1126 2369 actis,

358 2391 455 2456 Nunc
474 2379 633 2474 Magnum
652 2387 764 2470 laudo,
797 2413 882 2456 nunc
905 2393 983 2456 Cato
1004 2393 1091 2456 solus
1119 2391 1215 2457 adest.

234 2560 235 2564 ,
318 2496 372 2562 Sic
391 2493 483 2560 volui
503 2492 622 2581 patriae
642 2494 776 2560 servire.
824 2495 1011 2560 Domestica
1031 2494 1114 2560 bella

236 2619 277 2681 10
361 2599 427 2685 Qui
448 2599 565 2684 vincit,
590 2597 690 2664 laudis
713 2597 878 2666 deterioris
900 2601 971 2665 erit.

750 2780 836 2851 841·

400 2877 422 2924 ‘⁸
672 2884 716 2950 In
739 2885 904 2954 Statium.

321 3032 389 3120 Qui
407 3033 517 3122 primo
539 3031 652 3108 cecinit
675 3031 821 3115 Thebas,
844 3055 925 3100 mox
946 3056 1037 3098 orsus
1058 3029 1225 3099 Achillem

214 3124 218 3136 .
362 3137 506 3220 Occidit,
527 3137 586 3202 hac
607 3137 721 3202 colitur
747 3137 864 3204 Statius
885 3139 921 3205 in
940 3151 1048 3206 statua.

322 3245 419 3308 Hunc
440 3241 547 3328 genuit
566 3243 621 3306 tali
644 3243 752 3330 gavisa
775 3244 927 3332 Neapolis
950 3255 1032 3326 ortu,

365 3349 438 3435 Ipsa
459 3345 602 3410 Tholosa
621 3346 695 3412 licet
715 3347 848 3410 blateret
868 3371 935 3412 esse
960 3371 1068 3414 suum.

240 3464 261 3526 5
325 3449 422 3537 Quod
443 3451 471 3515 si
492 3473 577 3516 vana
596 3475 690 3516 suum
712 3451 879 3515 contendat
900 3453 1007 3537 Gallia
1027 3466 1147 3537 vatem,

366 3555 531 3620 Silvarum
551 3557 685 3642 relegas,
707 3555 840 3620 candide
860 3556 973 3638 lector,
995 3579 1085 3643 opus.

324 3661 413 3724 Haec
441 3659 537 3724 etiam
560 3659 668 3745 genuit
688 3658 819 3724 Stellam
845 3660 1026 3748 pariterque
1054 3674 1191 3751 poetam,

368 3765 422 3830 Ne
442 3763 482 3829 sit
501 3764 536 3830 in
557 3764 618 3828 hoe
637 3787 702 3830 uno
723 3764 889 3852 splendida
908 3765 1122 3857 Parthenope.

761 3945 846 4015 842.

624 4051 731 4118 Statii
754 4052 976 4141 epitaphium.
1076 4104 1079 4114 .

329 4194 441 4290 Statius
462 4193 515 4258 hio
535 4195 614 4277 situs
635 4207 695 4278 est,
727 4195 880 4264 iuvenem
905 4219 1001 4286 quem
1022 4187 1144 4288 Cypria
1167 4197 1295 4282 ademit,
1357 4243 1360 4248 ι

369 4299 568 4364 Praeconem
590 4297 720 4366 Aeneae
740 4303 882 4403 carmine
903 4304 988 4390 quod
1007 4317 1180 4394 premeret.
