3000 4820
703 255 1075 362 ΛΕ»

420 441 617 522 Credebam,
639 439 802 506 medicum
824 441 913 506 velut
927 439 1071 530 »peritum
1148 447 1150 452 ’

419 549 540 614 Curam
558 544 701 622 febribus
722 557 753 611 et
772 567 907 634 manum
926 545 1077 633 pudicam

418 651 470 716 De
490 649 579 717 seclis
600 650 724 737 logicae
742 671 856 738 parare
875 662 992 729 seelee,
1168 649 1170 656 '

418 756 488 823 Aut
510 755 551 820 de
570 754 758 825 methodius
777 753 914 842 probare
932 752 1037 818 libriin

418 862 466 928 At
485 876 519 929 lu
541 859 666 926 fornice
690 859 812 947 turpius
837 858 970 924 vacabas

417 969 581 1037 Exercens
599 952 687 1050 aliis„
717 965 801 1051 quod
825 964 891 1053 ipse
911 965 1013 1053 possin

417 1072 547 1138 Lenalis
569 1071 684 1136 melius
706 1069 765 1135 libi
785 1069 899 1158 puellis

257 1193 297 1250 10
413 1177 582 1242 Scorlandi
601 1175 695 1240 solilo
716 1161 827 1238 labore
848 1171 943 1240 ferre.

417 1283 526 1366 Novi,
548 1282 625 1370 quid
645 1281 740 1346 libeat
764 1291 880 1359 tuum,
900 1279 1068 1369 chirurgo,-

417 1388 611 1476 Couspeeios
633 1387 781 1451 animum
801 1383 914 1448 videre
935 1409 1065 1454 cunnos.

417 1490 478 1555 Vis
500 1492 679 1573 oslendere‚
708 1502 739 1554 te
760 1488 867 1553 minus
888 1489 1001 1558 virum
1021 1517 1104 1577 ease3

416 1579 573 1667 Ameeloo
592 1593 665 1661 eatis
686 1603 733 1659 esl
752 1609 858 1658 marea
879 1593 1002 1662 videre.

761 1737 845 1813 314·

315 1849 358 1916 In
379 1849 563 1916 diaconum
581 1849 814 1936 festinantem
834 1851 882 1918 ad
898 1850 1091 1940 prandium
1120 1853 1295 1944 cauponii.

336 1963 423 2049 Quid
446 1963 576 2028 festinus
598 1966 664 2030 abis
684 1967 757 2052 gula
777 1965 967 2054 inpellente,
993 1969 1164 2037 sacerdos?

380 2067 438 2133 An
462 2067 520 2132 tibi
541 2093 601 2156 pro
623 2070 755 2156 psalmis
778 2072 894 2158 pocula
915 2071 1011 2138 corde
1031 2074 1163 2140 sedent?

335 2171 460 2259 Pulpila
480 2177 694 2262 templorum,
721 2197 763 2238 ue
786 2175 911 2263 pulpila
931 2197 1046 2260 quaere
1065 2177 1228 2259 tabernae3

379 2279 540 2361 Numina,
562 2303 624 2366 quo
646 2278 770 2361 laudes,
793 2301 861 2344 non
880 2279 1003 2368 phialas
1023 2304 1155 2348 reseres.

758 2414 845 2499 315·

273 2534 329 2601 De
350 2546 444 2601 turre
465 2535 502 2601 in
522 2533 693 2603 viridario
712 2529 842 2624 posita,
868 2530 927 2598 ubi
952 2555 988 2597 ee
1007 2531 1194 2601 Fridnmal
1212 2562 1338 2626 aprum

656 2619 775 2708 pinxit
795 2617 957 2684 occidere.

336 2745 472 2819 Extollit
491 2745 587 2810 celsas
608 2743 783 2810 nemoralis
805 2739 919 2810 Aricia
941 2743 1041 2828 sedes,

378 2851 497 2918 Sternit
516 2849 572 2914 ubi
592 2847 727 2914 famulas
749 2862 831 2914 casia
851 2841 957 2914 Diana
978 2845 1059 2914 feras
1066 2875 1078 2932 3

245 3007 249 3018 ,
334 2956 508 3024 Frondosis
531 2955 659 3042 Tempe
680 2953 848 3040 cinguntur
869 2953 1023 3020 Thessala
1042 2952 1146 3043 silvis,

376 3059 511 3148 Pinguia
524 3059 694 3123 -Benvenli
723 3060 822 3124 lusna
841 3055 1029 3124 Molorchus
1049 3059 1152 3127 habet.

243 3179 272 3244 Ι5
331 3161 423 3232 Haec
444 3187 523 3232 vero
545 3163 696 3230 aedierias
721 3164 822 3251 surgit
842 3187 920 3252 quae
949 3164 1046 3229 turris
1069 3164 1227 3250 inanes,

376 3274 570 3340 consessum
591 3269 726 3335 domino
749 3269 897 3334 deliciosa
919 3293 1050 3357 parans,

334 3374 496 3443 Omnibus
516 3372 551 3436 in
572 3371 735 3456 medium,
764 3375 842 3446 lucis
865 3384 975 3437 ornata
996 3372 1143 3459 refulget,

373 3477 580 3562 Obtinuilque
598 3499 687 3543 novo
711 3477 855 3566 praemia
877 3491 989 3544 cuncta
1009 3472 1091 3544 loeo.

331 3586 419 3652 Hinc
438 3603 572 3662 nemus,
596 3581 816 3670 hinnientes,
845 3574 922 3647 hinc
940 3595 1055 3649 structa
1078 3581 1193 3647 cubilia
1213 3596 1354 3670 surgunt,
1410 3659 1419 3676 ο

250 3709 292 3766 10
376 3692 501 3774 Statque
522 3688 611 3751 velut
631 3687 771 3776 propriis
798 3687 866 3775 ipsa
887 3685 1105 3777 Dianaiugis.

332 3796 445 3862 Clausa
466 3791 522 3855 sed
543 3790 684 3856 intanto
706 3814 781 3856 cum
804 3789 846 3856 sit
867 3792 1039 3879 splendore
1059 3793 1224 3882 voluptas,

372 3897 507 3964 Artibus
529 3918 565 3960 ao
586 3895 684 3961 variis
706 3896 784 3960 atria
802 3894 935 3983 pulchra
956 3895 1096 3981 micent,

330 4001 534 4072 Admiranda
552 4015 622 4068 tuae
642 4015 750 4066 lamen
772 4014 818 4066 eat
838 4000 965 4068 vinulis
985 4001 1111 4088 imago,

368 4106 548 4188 Fridamal,
573 4120 605 4172 et
625 4120 740 4175 stratae
757 4107 861 4194 gloria
880 4129 1004 4194 magna
1015 4107 1117 4188 ferae,

245 4232 285 4292 15
326 4216 393 4305 Qui
412 4211 523 4279 solitae
542 4213 715 4276 accendens
736 4226 880 4278 mentem
900 4212 1028 4278 virtutis
1048 4233 1161 4281 amore

365 4318 493 4411 Aptasti
512 4316 610 4404 digno
631 4317 764 4403 pingere
783 4315 865 4394 facta
886 4319 969 4385 loco.
