2876 4824
558 225 672 280 XXIX

518 300 723 322 *nn—u·-

121 369 337 508 prsefectus
362 410 464 504 urbi,
490 437 524 484 a.
540 411 608 502 591
636 409 697 486 vel
720 434 751 480 a.
765 431 803 480 u.
825 409 922 480 1144
947 413 1074 486 consul
1092 414 1173 488 luit.

125 514 307 603 Tertius,
335 515 439 586 cuius
465 525 632 606 superest
658 537 713 604 ep.
732 511 803 580 165
829 512 869 579 in
893 511 1099 605 Boethium,
1127 517 1173 606 Q.

124 613 303 685 Aurelius
328 611 479 685 Anicius
504 613 762 707 Symmachus,
795 612 955 709 quiuna
977 616 1176 687 01111Βο1·ἢ

125 715 215 786 thio
240 713 317 784 filio
345 739 376 784 a.
404 716 475 782 511
502 740 538 808 p.
564 713 651 782 Chr.
678 712 906 782 consulatum
931 715 1071 804 tenuit,
1098 739 1177 786 esse

128 815 290 886 videtur.
317 815 457 884 Cuncta
472 811 870 908 haecSymmachorum
884 814 1043 883 carmina
1063 815 1176 888 invita

126 915 304 988 Minerva
329 927 415 986 sunt
438 915 542 984 facta.

39 1040 108 1106 79.
137 1012 318 1105 Rufinus.
350 1013 488 1088 Rufino
513 1040 570 1108 ep.
585 1013 669 1082 156.
702 1011 745 1084 A.
772 1012 838 1082 III.
858 1017 905 1103 89
932 1037 1059 1089 versus
1085 1039 1177 1085 ana-

126 1115 265 1209 cyclici
288 1115 334 1186 de
359 1139 483 1186 amore
503 1117 542 1184 in
568 1114 693 1185 codice
706 1114 925 1184 Divionensi
949 1117 1176 1187 tribuuntur.

127 1217 172 1286 Is
187 1216 286 1284 idem
303 1240 383 1288 csse
396 1227 564 1307 putatur,
590 1216 653 1308 qui
666 1213 830 1283 libellum
845 1215 890 1284 de
905 1218 1044 1310 metris,
1070 1239 1178 1308 quem

127 1318 379 1411 grammaticis
394 1318 559 1387 Putschii
583 1318 762 1386 insertum
788 1337 866 1384 csse
892 1328 1043 1407 constat,
1072 1339 1178 1387 com-

126 1417 271 1510 posuit.
323 1414 442 1511 Atque
469 1443 490 1486 e
514 1417 718 1486 iunioribus
743 1416 986 1508 grammaticis
1019 1419 1109 1506 suit,
1142 1429 1179 1488 et

132 1539 230 1588 aevo
258 1518 404 1586 circiter
431 1517 689 1588 Theodosiano
706 1517 841 1586 floruit.
892 1518 970 1588 Nec
997 1517 1175 1589 011111Βο-

58 1679 66 1694 ,
127 1615 234 1705 fluo,
260 1617 467 1710 Symmachi
494 1620 630 1705 amico,
668 1617 822 1686 orientis
855 1618 957 1685 aulae
981 1619 1178 1710 praesecto,

129 1739 249 1809 quem
279 1717 511 1790 Claudianus
532 1728 642 1813 pocta
673 1717 813 1785 duobus
845 1716 948 1784 libris
982 1719 1179 1784 insectatus

129 1827 213 1906 est,
228 1818 525 1909 confundendus,
552 1818 617 1886 sed
637 1817 681 1886 eo
702 1816 825 1881 minor
848 1824 939 1883 natu
952 1827 1018 1885 est·
1053 1815 1177 1897 (Cous.

128 1915 328 1988 Fabricius
353 1919 393 1987 in
418 1920 512 1989 Bibl.
538 1914 639 1985 Med.
665 1925 702 1982 et
725 1911 791 1980 inf.
818 1914 943 1983 aetatis
968 1940 1002 1986 tt.
1023 1913 1179 1986 Rufinus

128 2015 184 2084 Τ.
213 2017 279 2087 VI.
305 2041 340 2108 p.
360 2015 457 2105 150.)
507 2016 649 2087 Verum
670 2013 921 2083 auctoritatem
945 2016 1077 2084 codicis
1097 2015 1179 2086 Sal-

125 2115 295 2186 masiani
321 2121 465 2184 secutus
490 2115 580 2185 illud
604 2134 734 2208 poema
759 2112 955 2204 Optatiauo
970 2115 1178 2207 Porphyrio

127 2213 399 2287 vindicandum
416 2217 550 2284 censui.
597 2213 727 2282 Eidem
743 2235 856 2305 porro
873 2213 1009 2284 Rufino
1023 2216 1179 2286 ultorum

131 2336 288 2384 carmen
296 2362 309 2397 ,
324 2315 521 2407 Pasiphaes
532 2308 689 2384 fabulam
696 2313 908 2384 Horatianis
922 2315 1051 2384 metris
1067 2337 1179 2386 cuer-

130 2435 246 2500 runs,
261 2415 358 2505 quod
385 2413 426 2484 A.
444 2414 509 2484 III.
523 2415 593 2483 151
621 2420 693 2504 (ep.
710 2407 808 2504 997.)
822 2415 989 2506 legimus,
1007 2439 1027 2483 a
1043 2417 1181 2505 Dcusa,

133 2513 338 2603 Goldasto,
363 2515 531 2585 Fabricio
548 2513 713 2584 biblioth.
733 2513 794 2581 lat.
822 2512 867 2583 Τ.
889 2515 953 2585 ΙΙΙ.
979 2539 1014 2607 p.
1031 2515 1101 2603 417
1123 2516 1179 2586 ed.

133 2615 311 2703 Ernest,
338 2613 597 2686 Wernsdorfio
623 2617 661 2682 in
686 2615 789 2682 Poet.
816 2612 861 2682 T.
879 2613 926 2684 II.
951 2638 987 2709 p.
1006 2614 1076 2705 587
1100 2617 1179 2686 siue

140 2713 360 2784 auctoritate
386 2714 550 2784 codicum
576 2714 761 2784 tribuitur.

62 2821 120 2895 ltu.
151 2810 338 2882 Sedulr'us.
367 2838 422 2907 ep.
451 2815 533 2903 174.
560 2813 601 2884 A.
626 2814 675 2885 V.
699 2814 780 2882 115.
830 2813 866 2882 Is
893 2814 1094 2905 Theodosii
1117 2817 1183 2886 iu-'

138 2914 279 3001 uictis,
306 2915 368 3008 qui
392 2939 422 2984 a.
447 2940 483 2984 u.
514 2914 620 2997 1155.
648 2915 726 2983 sive
750 2937 780 2980 a.
808 2912 878 2982 400
904 2939 940 3006 p.
959 2913 1047 2987 Chr.
1074 2927 1182 2986 natus

140 3039 177 3084 a.
201 3035 239 3080 u.
259 3013 354 3082 1105
379 3015 438 3087 rel
462 3039 493 3082 a.
508 3013 580 3080 450
605 3041 641 3108 p.
657 3013 744 3080 Chr.
760 3013 930 3101 decessit,
956 3016 1183 3104 temporibus

139 3113 248 3184 vixit.
292 3113 526 3205 Epigramma
549 3115 589 3180 in
612 3112 734 3180 tabula
759 3111 857 3178 orbis
881 3123 1064 3180 terrarum
1081 3112 1183 3182 iussu

144 3212 352 3282 Theodosii
375 3213 468 3281 facta
491 3222 668 3283 versatur.

65 3321 127 3388 81.
156 3308 402 3402 Augustinus.
437 3335 493 3404 ep.
522 3311 604 3399 175.
633 3307 716 3400 176.
750 3305 793 3378 A.
812 3310 878 3379 111.
908 3310 988 3379 144.
1037 3310 1185 3385 Novum

144 3413 270 3484 addidi
295 3435 340 3481 ex
360 3413 484 3482 codice
510 3411 682 3481 Gothano
706 3409 907 3480 Duebncri.
957 3407 1183 3505 Augustinus

144 3539 179 3584 u.
206 3513 357 3604 pChr.
386 3514 467 3582 450.
496 3511 542 3602 75
569 3535 683 3580 anuos
709 3521 815 3586 nutus
841 3522 997 3580 mortem
1023 3514 1109 3583 obit.

65 3626 128 3690 tto.
159 3611 287 3702 Rufeu
312 3613 445 3682 Festus
472 3610 646 3680 Avienus.
674 3623 730 3703 ep.
766 3629 849 3699 177.
878 3611 1072 3702 178179.
1101 3613 1185 3682 180.

145 3712 191 3784 Α.
216 3715 245 3782 1.
275 3713 355 3803 169.
380 3733 438 3802 79.
465 3714 529 3783 Ill.
556 3712 614 3779 58.
636 3713 694 3800 59.
722 3710 1002 3781 Wernsdorfius
1026 3714 1066 3780 iu
1080 3713 1185 3783 Poet.

11 3887 12 3892 ,
147 3815 197 3884 Τ.
223 3813 270 3884 V.
295 3838 331 3905 p.
360 3833 404 3880 11
433 3813 527 3881 circa
550 3812 712 3880 medium
747 3810 865 3903 quarti
888 3822 973 3902 post
996 3812 1185 3882 Christum

11 4003 12 4008 ¹
148 3913 265 3982 seculi
289 3907 393 4004 (550)
418 3911 556 3984 vixisse
572 3905 754 3984 Avienum
779 3920 892 4003 putat.
917 3910 985 4002 Ep.
1005 3931 1076 4000 179
1102 3913 1185 3981 lau-

148 4007 302 4106 guidum
329 4022 392 4081 est.
418 4013 487 4103 Ep.
506 4008 577 4078 180
598 4012 696 4082 inter
708 4009 885 4080 Martialis
909 4023 1074 4103 poemata
1099 4013 1187 4084 vul-

11 4205 12 4208 *
149 4137 197 4204 go
222 4111 375 4204 legitur,
401 4113 466 4182 sed
490 4111 645 4180 nimium
670 4122 845 4205 quantum
869 4110 912 4181 ab
940 4112 1017 4182 cius
1040 4111 1188 4204 ingenio

11 4213 12 4238 ¹
152 4212 338 4282 abhorret.
576 4213 578 4220 ’
906 4225 907 4230 ’

11 4351 13 4422 7
69 4313 132 4383 85.
166 4309 345 4398 Claudius
363 4307 600 4382 Claudianus.
633 4307 669 4381 Is
684 4319 813 4384 auctor
827 4309 1038 4382 Theodosio
1052 4307 1186 4403 Magno
