2876 4824
760 245 845 306 XIV'

321 433 516 542 grammata
538 431 660 508 colere
680 430 822 530 poetico
835 425 1014 505 destituta.
1061 415 1236 526 ¹Iu'po'asi
1250 435 1348 506 euim

320 542 458 634 antiqui
482 539 660 608 sermonis
674 536 867 607 ruditatem
882 534 1009 604 Cicero
1024 534 1163 623 reddit,
1185 537 1348 627 quamvis

320 647 358 713 iu
379 638 604 710 orationibus
623 660 762 708 novum
785 635 929 706 dicendi
948 657 1060 726 genus
1078 635 1286 706 invenisset.

247 778 306 852 17.
332 759 374 846 Q.
392 754 525 844 Cicero.
552 779 608 856 ep.
633 753 690 822 66.
722 749 764 822 A.
777 749 823 821 V.
841 749 898 818 41.
949 741 1347 820 Carmen'astronor'ni-

209 901 211 906 ,
319 883 413 946 cum,
437 859 477 924 in
496 879 567 949 quo
586 854 727 947 poetica
754 863 852 921 certe
880 851 1049 920 facultate
1073 851 1239 920 Marcum
1265 851 1347 918 fra-
1420 861 1422 864 ’

315 972 412 1031 trem
449 953 747 1048 non'snperavit.
803 948 939 1020 Multos
969 975 1057 1023 vero
1095 951 1353 1019 Romanorum.

318 1057 560 1129 astronomica
572 1054 769 1124 confecisse
783 1063 949 1143 poemata
963 1060 1115 1140 constat,
1129 1051 1250 1143 quales
1260 1059 1345 1117 sunt

275 1237 277 1245 Α
320 1161 365 1248 Q.
381 1170 418 1228 et
436 1155 487 1240 M.
507 1156 719 1241 Cicerones,
747 1151 985 1220 Germanicus
1006 1150 1153 1240 Caesar,
1176 1148 1345 1218 Gaetuli-

320 1284 400 1347 cus,
415 1258 522 1326 Titus
537 1255 744 1348 imperator.
776 1251 1009 1342 Epigramma
1027 1249 1113 1337 245,
1132 1250 1229 1340 quod
1244 1246 1345 1316 Pen-

315 1361 405 1434 tadii
427 1369 498 1446 011,
523 1380 544 1422 a
567 1353 778 1448 quibusdam
794 1351 840 1439 Q.
861 1350 1028 1419 Ciceroni
1045 1350 1319 1418 inscribebatur.

244 1487 305 1555 18.
333 1481 367 1552 T
364 1471 654 1562 ullius‘Laur'ea.
674 1494 728 1560 ep.
755 1465 812 1556 67.
841 1464 882 1534 A.
899 1464 943 1534 ΙΙ.
968 1462 1047 1533 156.
1086 1465 1256 1534 Libertus
1274 1465 1342 1532 Ci-

319 1580 487 1668 00101111.
526 1573 657 1646 Eidem
678 1571 750 1638 tria
777 1568 1033 1662 epigrammata
1056 1567 1096 1634 in
1125 1562 1344 1657 Antbologia

317 1705 442 1777 graeca
468 1677 688 1745 tribuuntur.
1090 1731 1093 1736 ,
1137 1696 1144 1698 >

245 1809 301 1880 19.
332 1775 502 1852 Clullus
520 1773 665 1842 Caesar.
690 1767 747 1835 68.
776 1765 834 1856 69.
858 1787 916 1854 po.
947 1762 989 1835 A.
1013 1763 1058 1832 11.
1084 1783 1166 1832 111.
1192 1761 1257 1831 ΠΙ.
1276 1747 1342 1832 10.

292 1881 380 1965 tv.
399 1901 457 1970 91.
506 1875 621 1946 Νο101
643 1895 673 1938 0.
686 1894 721 1936 0.
747 1867 820 1936 654
842 1865 1015 1936 occiditur
1031 1890 1060 1932 a.
1083 1884 1165 1954 710.
1216 1863 1342 1934 Unum

314 1993 474 2068 tantum,
498 1973 594 2070 quod
619 1971 663 2038 de
684 1968 860 2036 Terentio
885 1963 974 2034 Afro
998 1966 1168 2036 adversus
1187 1961 1341 2032 Cicero-

315 2107 402 2171 nem
431 2075 592 2168 scripsit,
621 2068 864 2138 indubitatum
893 2067 1056 2136 Caesaris
1083 2075 1148 2134 est.
1196 2065 1264 2155 Ep.
1292 2060 1340 2148 69

316 2183 359 2255 ab
374 2179 450 2249 aliis
468 2173 685 2246 Germanico
701 2165 863 2253 Caesari,
883 2164 926 2230 ab
943 2164 1148 2255 Hommeyo
1168 2188 1255 2236 vero
1271 2187 1341 2254 pa.
1428 2215 1429 2220 ,

315 2306 397 2357 rum
412 2273 599 2351 verisimili
617 2268 822 2340 coniectura
833 2259 1009 2334 Marbodo
1026 2261 1245 2330 inscribitur.
1271 2261 1338 2350 Ep.

285 2377 287 2386 ¹
317 2406 363 2475 70
384 2376 590 2472 suspectum
612 2380 675 2440 est.
712 2365 799 2438 Divi
817 2363 899 2432 Iulii
920 2362 1078 2430 carmina
1100 2361 1184 2429 citat
1200 2360 1339 2428 Plinius

314 2482 354 2553 in
379 2481 427 2552 H.
444 2479 489 2548 N.
516 2473 618 2544 XIX.
641 2469 697 2534 41.

242 2603 298 2652 ao,
323 2572 375 2672 Ο(
398 2575 569 2652 Valerius
595 2556 769 2640 Catullus.
825 2559 898 2632 Alii
936 2561 1062 2630 Caium
1093 2570 1238 2648 vocant,
1262 2571 1339 2628 non

316 2685 513 2775 Quintum,
539 2698 627 2766 quos
648 2665 883 2757 reprehendit
897 2662 1086 2730 Paldamus
1100 2662 1137 2728 in
1157 2657 1250 2727 libro
1267 2659 1340 2728 Die

312 2779 509 2856 Riimische
532 2769 663 2842 Erotik
685 2791 718 2858 p.
742 2764 799 2831 14.
852 2763 1013 2830 Catullus
1037 2773 1141 2830 natus
1171 2770 1224 2826 est
1247 2784 1276 2828 a.
1300 2783 1336 2826 0.

257 2885 261 2894 ’
314 2884 385 2972 667
411 2891 446 2948 et
461 2876 556 2944 diem
578 2867 667 2938 obiit
689 2891 718 2934 a.
743 2885 812 2954 707
829 2864 888 2934 vel
912 2864 1002 2953 708,
1025 2861 1055 2930 si
1073 2861 1189 2928 eidem
1205 2857 1337 2928 Palda-

308 3005 420 3072 mop.
439 2973 484 3042 16
503 2970 650 3040 credere
665 2966 759 3034 licet.
801 2963 898 3033 Huic
914 2962 1022 3054 vulgo
1035 2962 1114 3030 sine
1129 2959 1338 3027 auctoritate

312 3081 475 3152 codicum
507 3068 675 3162 Priapeia
696 3065 741 3132 85
767 3065 873 3134 0186
899 3065 957 3135 vel
981 3086 1034 3154 ep.
1064 3059 1156 3146 1698
1183 3069 1219 3126 et
1243 3057 1338 3144 1699

311 3183 539 3259 tribuuntur,
561 3169 624 3246 sed
641 3167 849 3256 Priapeium
870 3165 915 3255 87
935 3162 994 3234 vel
1014 3184 1068 3252 ep.
1095 3165 1191 3248 Ι1700
1207 3155 1338 3252 Catulli

313 3303 408 3368 esse,
433 3269 678 3342 Terentianus
703 3265 853 3334 Maurus
872 3273 1036 3332 testatur.

233 3417 296 3471 11.
318 3393 355 3466 C.
381 3387 548 3464 Licinius
571 3381 714 3452 Calvus.
735 3406 789 3471 ep.
810 3403 867 3470 71.
889 3374 945 3468 71.
980 3373 1022 3444 A.
1036 3373 1081 3443 ΙΙ.
1100 3372 1157 3454 47.
1174 3372 1231 3440 58.
1257 3371 1337 3440 Na-

309 3508 368 3566 tus
387 3505 441 3564 est
464 3517 494 3561 a.
518 3513 553 3557 u.
579 3485 669 3572 671,
690 3481 780 3551 obiit
801 3505 830 3547 a.
856 3477 938 3569 706.
963 3476 1108 3567 eiusque
1132 3475 1242 3543 vitam
1268 3469 1338 3546 de.

306 3595 451 3688 scripsit
471 3584 728 3676 Weichertius.
779 3580 881 3648 Haec
901 3576 1059 3647 carmina
1084 3575 1123 3641 in
1146 3568 1337 3644 Caesarem

311 3709 418 3791 atque
434 3687 648 3780 Pompeium
667 3682 902 3754 invehuntur.

238 3837 295 3886 11.
319 3813 374 3887 M.
395 3808 532 3878 Furius
549 3799 762 3874 Bibaculus.
790 3822 845 3891 ep.
866 3797 923 3886 75.
951 3794 1008 3884 74.
1032 3791 1089 3882 75.
1114 3789 1155 3862 Α.
1180 3789 1225 3864 Il.
1254 3787 1335 3874 157.

314 3915 397 3985 158.
418 3905 499 3979 140.
551 3904 666 3972 Νο101
686 3911 741 3970 011
761 3925 790 3968 0.
804 3923 839 3968 0.
867 3897 936 3964 651
965 3897 1112 3984 0101900
1133 3895 1244 3965 vitam
1267 3889 1335 3957 de-

311 4013 455 4106 scripsit
475 4002 733 4080 Weichertius.
782 3994 1084 4086 Hendecasyllabi
1104 3985 1336 4072 acerbissimi,

311 4137 400 4209 quos
421 4112 460 4179 in
481 4102 670 4179 Valerium
687 4110 852 4168 catonem
872 4095 1146 4188 grammaticum
1166 4089 1261 4160 fecit.

238 4239 294 4308 15.
318 4225 493 4306 Valerius
512 4221 612 4292 Cato.
661 4218 761 4289 Huic
774 4228 920 4308 poetae,
951 4215 1013 4306 qui
1033 4211 1165 4302 Catulli
1181 4202 1338 4298 aequalis

310 4345 406 4422 erat,
435 4326 593 4420 Scaliger
619 4323 736 4396 Diras·
750 4315 963 4403 vindicavit,
986 4311 1134 4404 quaein
1154 4305 1337 4378 codicibus
