2944 4836
589 267 591 269 ‚
646 171 720 248 os

194 359 240 410 55.
257 357 404 425 sententia]
418 356 580 408 septimiam
597 371 646 406 ms.
663 355 743 409 Salm.

194 447 238 500 56.
256 451 310 513 Dm
326 445 591 519 qubdeisJOudend·
615 444 687 497 Adi
711 443 746 498 Τ
762 444 798 499 ll.
818 461 844 512 p
868 447 1143 516 pompaedius,
1167 446 1230 498 licet

127 537 216 605 vulga.

195 625 238 692 57.
257 622 373 689 vertiam]
391 624 513 674 eveniam
529 640 577 674 ms.
595 621 675 674 Sulm.

641 804 724 874 285.

191 957 273 1010 inu.
293 957 340 1010 v1.
356 957 401 1028 89.
419 954 454 1006 Τ.
472 955 507 1006 ιι.
526 973 553 1024 p.
572 953 633 1012 sss.
652 935 776 1008 iternis.
794 957 871 1010 rost.
896 957 930 1011 T.
946 957 992 1008 111.
1010 976 1038 1026 p.
1055 959 1102 1010 ssi
1124 965 1151 1008 et
1168 954 1227 1005 sss.

123 1049 250 1102 Patricio
266 1046 310 1097 rel
327 1046 439 1098 Patrico
455 1045 573 1096 inscribit
588 1065 636 1099 ms.
654 1046 765 1098 Burthii.
798 1047 830 1098 ld
852 1065 905 1098 non
923 1064 972 1114 pro
988 1044 1092 1116 nomirie
1110 1042 1229 1106 auctoris,

123 1137 173 1188 sed
197 1133 327 1200 dignitatis
349 1133 438 1200 potius
460 1133 557 1184 habent
578 1135 701 1188 Barthius
725 1145 753 1188 et
769 1135 802 1188 Β.
836 1136 934 1188 Contra
956 1135 1078 1187 Wemrsd.
1100 1141 1230 1185 auctorem

124 1243 181 1278 esse
197 1223 336 1275 Patricium
355 1221 432 1282 dicit3
457 1241 506 1274 nec
524 1223 579 1276 sino
597 1243 670 1278 causo
687 1219 827 1276 Patricium
846 1242 906 1276 eum
924 1241 980 1274 esse
998 1231 1073 1290 puto,
1090 1221 1131 1274 cui
1148 1220 1230 1272 Com-

123 1313 263 1363 mentarios
284 1311 311 1363 in
334 1311 468 1364 Ciceronis
491 1313 592 1381 Topica
615 1313 748 1364 dedicarit
772 1314 915 1377 Boethius,
941 1329 1073 1380 quemque
1094 1303 1228 1362 rhetorem

122 1400 309 1470 peritissimum
326 1410 410 1451 vocat.
444 1400 523 1453 Docti
539 1403 607 1454 euim
624 1402 738 1454 rhetoris
755 1401 808 1452 hoc
826 1401 1020 1472 epithalamium
1039 1419 1096 1454 esse
1111 1406 1227 1468 apparet.

192 1488 218 1539 3.
237 1487 420 1556 aetheriam.
439 1487 560 1543 Wenod.
571 1493 709 1544 aetheriis
726 1493 788 1558 vulg
774 1509 817 1542 σ.ο

190 1579 234 1630 25.
252 1575 428 1644 exercitas],
430 1578 456 1637 ‚i.
482 1597 507 1630 e.
526 1588 609 1630 totum
628 1580 741 1647 denique
759 1599 852 1647 agmen
872 1580 927 1630 siro
950 1551 1101 1630 comitatum
1117 1571 1229 1624 Veneris

122 1665 222 1716 claudit
235 1664 360 1717 Amorum
378 1667 520 1732 exercitus,
540 1669 632 1736 vulgus
650 1669 791 1732 Amorum,
809 1667 884 1736 pictis
901 1667 977 1720 muris
999 1665 1106 1718 altorem
1123 1663 1227 1728 agenat·

122 1751 246 1807 Wernsd.

188 1857 231 1908 27.
248 1837 383 1908 blandito]
401 1839 525 1894 blandita
543 1842 576 1895 Β.
592 1843 705 1912 improb.
723 1841 848 1895 Wernsd.

188 1930 231 1983 55.
251 1928 621 1997 cedente-sorore]13scchi
639 1951 715 1984 soror
723 1931 814 1983 Venus
832 1947 888 1983 esse
903 1929 1006 1995 dicitur,
1024 1926 1182 1998 quiaVenus
1200 1933 1228 1978 et

119 2015 240 2067 Bacchus
256 2031 361 2081 semper
378 2016 434 2066 fers
452 2017 582 2070 coniuncti
599 2031 668 2071 sunt.
693 2020 824 2087 (Bacchus
841 2020 929 2083 hatte,
946 2019 1038 2072 sobuld
1056 2017 1099 2072 die
1116 2016 1227 2070 Schwe-

120 2114 175 2156 ster
191 2113 293 2170 taarog,
310 2098 415 2174 Lydien
432 2104 561 2160 rcrlassen
578 2109 632 2159 und
648 2109 707 2177 ging
726 2109 769 2160 ihr
787 2108 935 2174 eutgsgcm)

186 2191 230 2244 58.
248 2191 297 2244 rab
319 2202 433 2260 atroque
451 2190 546 2268 dei.
567 2213 593 2247 e.
611 2197 714 2249 Baccho
732 2206 759 2248 et
777 2195 892 2249 Venere.

185 2283 229 2335 bi
249 2275 406 2349 vestigat]‘
397 2289 444 2331 mt.
466 2271 580 2339 Silenus.

186 2371 230 2422 65.
243 2368 351 2440 festino
376 2369 504 2421 Chlorida
526 2365 602 2440 voto]
589 2365 662 2440 ]Β.
685 2365 965 2463 Wems'ertina,
993 2370 1135 2472 Chlorida,
1160 2378 1226 2420 rato

117 2457 210 2526 vulgo.
449 2486 452 2495 =

185 2548 227 2616 49.
243 2562 406 2614 sparsas-
422 2545 543 2616 umbras]
560 2567 655 2618 sparso
673 2568 778 2602 ramore
791 2568 843 2621 per
858 2549 937 2618 urbes
955 2549 999 2603 vel
1023 2545 1181 2602 aarum
1172 2565 1225 2598 rm·-

117 2636 194 2704 prob.
213 2633 337 2686 Wernsd.

185 2721 228 2774 54.
245 2719 335 2786 divae]
353 2719 372 2769 i·
392 2735 416 2773 e.
433 2717 554 2776 Veneris.

185 2809 228 2862 55.
248 2803 430 2872 inobservata]
449 2807 526 2872 iunge
544 2811 670 2881 vestigia.

185 2897 229 2966 57.
247 2891 407 2960 advertisse]
425 2904 499 2960 putat
515 2897 624 2963 audisse¹
642 2897 823 2968 Hymenaeum
841 2899 955 2968 elapsum
973 2915 988 2948 e
1009 2895 1097 2948 cmtris
1111 2891 1222 2950 Veneris

117 2989 226 3042 Romam
242 3002 271 3036 se
292 2981 442 3034 contulisse.
463 3036 464 3040 ,

186 3075 229 3128 58.
248 3074 386 3139 victosque
408 3067 513 3140 iugali]
536 3071 693 3140 vinctosque
715 3072 804 3142 iugali
827 3074 860 3124 Β.
885 3075 927 3125 Αιι
949 3075 1090 3144 vincloque
1113 3069 1222 3144 iugali?

117 3165 208 3219 Traxit
223 3171 280 3215 tum
296 3175 423 3226 pompam,
441 3167 496 3208 tum
514 3174 570 3224 eos,
590 3177 656 3228 quos
673 3153 780 3213 Venere
797 3161 886 3228 ignara
905 3159 1083 3216 coniunxerat.

184 3255 229 3321 59.
247 3246 351 3313 Diona]
368 3249 456 3298 Dione
472 3248 505 3300 Β.

184 3341 225 3394 6ι.
246 3333 379 3402 alumnos]
397 3335 430 3386 B.
451 3334 575 3388 Wemsd.
594 3335 703 3388 alamno
720 3337 809 3403 vulgo.

182 3429 226 3482 65.
245 3409 408 3496 morumpue]
426 3425 559 3492 opulentia
577 3442 666 3475 eorum
685 3435 786 3492 compta
803 3427 887 3478 nitore
904 3444 1013 3478 morum.

183 3515 225 3568 66.
239 3513 341 3584 potito]
356 3511 440 3582 politi
458 3513 586 3580 (politii)
604 3513 634 3563 Β.
653 3513 767 3582 improb.
785 3513 909 3570 Wsrnsd.

182 3603 225 3656 68.
239 3611 322 3671 pater
338 3604 395 3669 ipse
411 3601 487 3672 iugi]
506 3600 603 3670 Apollo
623 3591 758 3654 Heliconis
774 3621 890 3671 praeses.

183 3709 226 3760 77.
243 3689 415 3760 Calliopeias]
433 3687 599 3758 Hymenaeus
617 3683 750 3759 Calliopes
768 3685 837 3746 filius
854 3709 911 3744 esse
928 3692 1020 3745 samur.

181 3781 225 3833 81.
243 3778 320 3845 aelii]
338 3779 369 3830 B.
387 3777 511 3831 Wernsd.
528 3777 597 3832 velit
613 3779 702 3846 vulgo.

181 3870 224 3921 82.
244 3865 406 3936 amplexare]
423 3868 443 3922 i.
461 3884 486 3918 e.
504 3877 543 3934 tu,
561 3867 605 3936 qui
622 3867 750 3934 pudorem
766 3865 854 3919 matris
869 3867 986 3922 imitaris.

622 4049 706 4120 284.

179 4185 260 4266 brith.
277 4182 313 4235 V.
332 4183 376 4250 47.
413 4184 512 4236 Versus
527 4184 665 4236 Prisciani
689 4187 721 4235 de
737 4182 869 4235 sideribus
886 4185 952 4235 coeli
976 4201 1023 4237 ms.
1041 4183 1169 4234 Biblioth.
1185 4184 1212 4232 S.

118 4271 248 4326 Germanii
267 4288 359 4325 versus
377 4272 517 4324 Prisciani
540 4274 572 4324 de
597 4274 765 4326 astronomia
785 4273 814 4326 in
831 4272 964 4342 Operibus
980 4271 1070 4320 Bodas
1088 4270 1124 4322 Τ.
1143 4269 1172 4324 Ι.
1185 4289 1210 4337 p.
