3000 4820
247 417 362 496 Uritur
383 430 437 494 hic
456 447 584 517 semper
607 425 750 516 g'autlens
770 449 874 516 neque
894 425 1029 492 laeditur
1056 427 1190 517 hospes,

235 545 237 552 ’
286 537 333 601 Et
355 545 478 620 vegetat
497 529 640 600 medicus
660 546 791 624 pectore
819 532 887 598 fota
907 553 1022 620 vapor.
1065 597 1067 605 Α

247 639 396 707 Maxima
410 639 467 704 sed
488 640 630 728 quisquis
648 639 766 728 patitur
786 637 911 706 fastidis
932 637 1023 721 solis,
1148 723 1150 726 Ι

166 759 206 818 10
290 743 361 812 Aut
380 743 532 830 gravibus
552 742 686 810 madido
707 761 843 834 corpore
862 755 966 833 torpet
985 741 1092 831 aquis,

249 851 315 918 Hic
334 849 642 916 Thrasamundiaeis
660 859 813 940 properet
838 871 873 914 se
892 849 1039 938 tinguere
1059 842 1208 916 thermis.

288 955 441 1024 Protinus
459 956 593 1044 effugiet
618 956 716 1023 nnus
736 969 867 1044 uterque
884 953 986 1022 labor.

682 1105 764 1186 294·

572 1213 694 1282 Flavii
719 1215 861 1282 Felicis.

254 1329 389 1396 Publica
411 1328 466 1418 qui
490 1329 579 1396 celsis
601 1329 707 1396 educit
726 1331 856 1396 moenia
875 1331 982 1416 tectis,

256 1437 322 1504 Hie
340 1435 394 1524 pie
413 1459 474 1502 rex
491 1435 620 1525 populis
643 1436 912 1526 Thrasamundus
931 1450 1008 1504 vota
1029 1433 1159 1502 dicarit.

256 1543 320 1609 Per
341 1564 440 1629 quem
461 1554 572 1607 cuncta
599 1541 664 1608 suis
686 1552 882 1629 consurgunt
900 1542 1014 1630 pulcra
1038 1538 1158 1619 ruinis,

255 1647 299 1714 Et
318 1669 405 1712 nova
426 1649 652 1718 transcendunt
671 1647 792 1737 priscas
813 1645 938 1732 fastigia
957 1645 1060 1710 sedes.

258 1753 324 1820 Hic
344 1775 470 1840 quoque
489 1764 563 1840 post
582 1773 709 1817 sacram
729 1749 853 1814 meritis
880 1749 1029 1814 altaribus
1050 1748 1164 1815 eedem

261 1858 480 1946 Egregiasque
501 1858 600 1938 aulas,
622 1879 696 1943 quas
721 1866 811 1942 grato
832 1853 935 1919 erexit
954 1876 1082 1936 amore,

258 1959 415 2031 Condidit
432 1959 574 2044 ingentes
593 1959 728 2050 proprio
751 1959 810 2024 sub
836 1958 971 2024 nomine
992 1959 1143 2026 thermas.

263 2069 329 2135 Hic
349 2067 450 2132 bonus
471 2063 602 2150 irriguis
624 2065 764 2130 decertat
793 2061 933 2129 fontibus
958 2063 1063 2151 ignis3

261 2172 329 2243 Hic
348 2170 446 2236 etiam
466 2168 605 2236 ardentis
623 2193 721 2236 nemo
741 2172 834 2236 timet
853 2194 911 2238 ora
932 2171 1061 2238 camini.

264 2277 427 2348 Plurimus
448 2273 502 2342 hic
521 2274 628 2340 imber
647 2277 768 2362 gelidas
789 2278 1016 2344 adcommodat
1035 2277 1151 2349 undasa

205 2385 207 2388 ’
263 2384 330 2452 Hic
350 2393 450 2447 aestus
470 2379 552 2446 levis
574 2392 636 2464 est,
657 2382 711 2447 hic
730 2384 862 2450 nullum
880 2381 1004 2470 frigora
1023 2395 1163 2461 torrent;

264 2490 331 2560 Hic
351 2485 511 2576 geminata
532 2483 599 2550 dies
618 2511 679 2576 per
701 2489 835 2556 candida
854 2511 1025 2554 marmora
1047 2486 1155 2574 fulget.

539 2763 660 2831 Flavii
684 2656 814 2832 libidinis
839 2760 887 2834 V.
910 2761 947 2831 C.

233 2865 382 2920 Postulatio
404 2869 514 2922 honoris
537 2872 607 2939 apud
622 2870 801 2924 victorianum
816 2869 853 2924 V.
874 2871 925 2926 inl.
949 2879 978 2921 et
997 2861 1251 2920 Primiscrininrinm.

270 2964 397 3054 Aspera
417 2966 498 3031 dum
522 2979 686 3054 quaterent
706 2969 861 3033 humanas
883 2968 1003 3056 praelia
1023 2976 1167 3045 mentes,

312 3069 383 3136 Aut
403 3084 531 3158 raperet
550 3081 682 3137 vastum
701 3071 795 3159 nigra
816 3073 958 3160 procella
980 3069 1118 3150 fretum,
1172 3145 1173 3148 Ἴ

272 3177 360 3242 Cum
382 3174 485 3240 dubiis
507 3175 635 3242 fortuna
662 3176 727 3241 suis
749 3175 902 3264 penderet
922 3173 1055 3240 habenis

314 3281 558 3368 Torqueretque
578 3303 677 3368 vagus
697 3280 813 3348 stolida
835 3281 933 3348 corde
952 3293 1079 3346 metus:

189 3379 212 3464 Ι5
278 3386 392 3454 Anxia
412 3386 568 3452 Phoebeis
588 3385 740 3454 sanabant
760 3398 890 3476 pectora
911 3387 1058 3477 templis,

189 3489 190 3492 ¹
315 3495 359 3561 Et
379 3515 486 3561 sacros
506 3492 648 3582 tripodas
669 3515 763 3558 nosse
788 3491 917 3558 salubre
938 3491 1009 3558 fuit.

276 3599 375 3666 Nunc
395 3599 492 3665 etiam
513 3595 618 3664 saevis
639 3600 733 3686 agitat
754 3618 834 3686 quos
861 3619 936 3664 eura
956 3595 1103 3688 periclis,

318 3704 428 3796 Atque
447 3700 540 3792 inopi
559 3715 656 3772 vexat
677 3706 757 3772 dura
783 3704 894 3770 labore
915 3702 1034 3786 fames,

279 3808 394 3876 Altera
417 3810 549 3882 Parnasi
570 3825 703 3878 suerunt
722 3811 761 3876 ad
783 3810 921 3876 numina
940 3808 1061 3874 montis

194 3935 239 3998 10
323 3915 523 4002 Castalioque
543 3916 614 3982 laeu
635 3919 760 3984 viscera
779 3928 899 3980 maeste
921 3913 1043 3980 fovent.

278 4024 330 4090 Te
350 4020 430 4088 nudi
451 4021 616 4108 tristesque
638 4035 771 4109 rogant,
793 4019 850 4086 tibi
871 4017 979 4084 flebile
1000 4019 1121 4108 plangit

325 4126 500 4194 Auxilium
521 4151 655 4216 poscens
675 4147 815 4217 paupera
842 4123 939 4204 turba
962 4136 1067 4190 tuum.

282 4236 340 4302 Tu
361 4233 445 4298 mibi
468 4253 590 4298 numen
613 4233 675 4298 eris
697 4231 847 4305 Pltoebeo
868 4229 1002 4296 numine
1021 4231 1151 4318 plenus,

326 4338 394 4426 Qui
416 4351 508 4431 potes
529 4326 679 4406 infirmos
704 4349 809 4405 morte
833 4337 943 4402 levare
965 4355 1079 4415 menu3
