2944 4836
715 233 918 338 „Q

257 426 414 479 Britanniam
430 423 532 477 umbras
547 423 651 493 spargit.
684 421 745 474 iure
761 423 834 475 idem
850 437 961 492 gnomon
976 420 1100 490 Lugduni
1117 440 1145 474 sc
1161 421 1297 488 Viennae,
1316 426 1371 476 ubi

257 513 392 566 Danubius
408 512 479 578 fluit,
496 521 608 581 utroque
624 512 683 565 loco
699 509 821 564 adhiberi
838 517 935 579 potest,
951 511 1010 580 quis
1028 520 1138 579 unaque
1155 512 1228 580 regio
1248 513 1297 564 snb
1319 531 1369 566 ea-

258 602 319 653 dem
334 603 391 654 fero
406 603 546 654 latitudine
565 602 613 654 sita
628 610 677 653 cst.
710 600 839 654 ostwtrts
859 599 933 654 wint
949 598 985 650 du
1003 598 1075 652 tliese
1093 598 1250 653 Sonnenubr
1263 601 1369 670 richtig

256 689 344 742 finden
360 689 400 740 bis
416 708 448 741 ιι
466 690 511 742 dis
527 683 631 752 Donuu,
647 688 701 742 und
717 688 929 742 nordwestwirts
946 685 986 738 bis
1002 686 1068 738 noch
1085 686 1164 738 Lion.

326 778 370 846 57.
388 780 483 849 nequit
499 781 529 830 in
545 777 641 844 oanos]
658 777 678 827 i.
696 793 721 828 e.
738 795 791 830 non
806 778 835 830 in
849 776 957 828 eandem
972 784 1068 827 metum
1080 777 1204 828 recurrit:
1219 795 1365 848 numquam

257 867 326 917 enim
341 865 369 917 in
384 867 493 917 eandem
509 875 604 918 ιιιιιιι
622 867 690 918 alter
706 867 799 920 mensis
816 865 922 928 desinit,
939 883 954 916 a
972 882 1021 932 qus
1038 882 1151 934 sequens
1166 865 1266 933 incipit.

326 954 371 1005 41.
389 955 527 1024 horarum]
549 956 619 1008 hunc
641 971 744 1007 versum
770 953 865 1005 adiecit
880 952 1007 1005 Pithoeus
1030 953 1057 1006 iu
1081 971 1128 1006 suo
1155 953 1310 1022 exemplari.
1329 955 1364 1006 Β.

257 1058 317 1093 eum
335 1042 432 1094 omisit.

324 1131 369 1184 44.
388 1130 510 1204 sequens]
528 1131 642 1184 secunda
656 1132 734 1184 linos.

322 1219 365 1272 54.
383 1219 447 1290 qui]
465 1238 496 1274 ιιι
512 1237 581 1290 quae
596 1221 730 1273 Februum
748 1235 874 1272 mensura
894 1218 965 1270 ete?

324 1309 366 1377 78.
383 1311 497 1362 undenis
520 1310 625 1363 olorum
648 1307 711 1374 etc]
740 1306 850 1359 Cassub.
881 1307 982 1360 undeni
1003 1306 1124 1360 solorum
1146 1304 1253 1358 coudud
1277 1310 1365 1359 tertia

258 1415 366 1450 cursum
382 1400 473 1467 vulgo·

324 1487 370 1539 80.
388 1496 489 1555 septem
505 1485 613 1556 quinta]
632 1485 746 1538 correxi.
771 1493 849 1552 septa
872 1484 970 1553 quinto
986 1481 1076 1549 vulgo.
1099 1486 1215 1554 septima
1242 1488 1364 1557 quinque

258 1587 330 1630 tenet
345 1575 378 1627 E.
396 1576 473 1642 male,
491 1592 549 1626 cum
565 1575 675 1642 septima
691 1573 777 1626 orbita
792 1573 837 1625 rel
853 1572 974 1624 horarum
989 1588 1109 1624 mensura
1125 1589 1178 1626 non
1195 1573 1303 1626 existat.

323 1816 404 1868 Anu.
421 1812 458 1866 V.
476 1813 519 1868 68.
554 1809 665 1881 Legitur
680 1811 709 1862 iu
726 1810 798 1879 Opp.
816 1810 905 1862 Bedae
923 1811 958 1864 Τ.
976 1812 1037 1880 I.p.
1056 1811 1116 1879 476.
1135 1814 1179 1864 od.
1197 1813 1362 1883 Herrsgian.

256 1925 279 1958 a·
297 1905 372 1957 1563.
388 1904 418 1956 ln
434 1921 481 1955 ms.
500 1901 594 1968 Scalig.
613 1900 765 1952 inscribitur
790 1902 890 1954 Versus
910 1903 1001 1952 Bedae
1021 1899 1179 1968 Presbyteri
1201 1903 1233 1953 de
1252 1907 1365 1958 ratione

256 1996 382 2063 compoti.
415 1991 489 2043 Beda
509 2000 583 2044 natus
605 1998 646 2040 est
668 2007 692 2040 ι.
712 1985 763 2041 Ch.
781 1987 859 2054 672.‚
875 1989 986 2040 moritur
1001 2007 1023 2040 a.
1042 1989 1101 2054 735.
1134 1989 1242 2044 Heeren
1259 1993 1364 2049 Gescb.

257 2085 283 2134 d.
300 2081 399 2134 Philol.
417 2079 451 2130 T.
461 2079 485 2129 1.
495 2097 523 2146 p.
536 2080 594 2132 ub·
621 2076 734 2128 Fabricii
751 2074 823 2126 Bibl.
840 2075 886 2128 lat.
899 2076 973 2129 Med.
990 2086 1018 2128 et
1033 2077 1082 2129 Inf.
1101 2087 1154 2130 eet.
1168 2079 1203 2130 Τ.
1218 2080 1241 2132 1.
1256 2101 1287 2153 p.
1302 2087 1363 2140 185.

326 2187 351 2221 1.
369 2168 497 2236 mensum]
516 2167 645 2219 mensium
663 2165 729 2215 edit.
750 2163 863 2233 Horrag.

323 2277 351 2312 ι.
370 2255 486 2322 duabus]
504 2252 606 2306 duobus
623 2253 703 2320 vulgo
721 2252 832 2320 [corrige
849 2253 991 2320 context]

326 2348 356 2400 5.
374 2342 529 2410 tercentum]
548 2344 665 2394 centenis
684 2339 775 2410 bisque
794 2343 902 2394 tricenis
918 2344 1036 2413 quinque
1054 2345 1081 2396 d.
1101 2346 1167 2398 edit.
1185 2346 1303 2418 Herrug.

325 2433 351 2486 6.
367 2431 532 2496 concurrere]
550 2431 689 2481 concedere
706 2428 771 2479 edit·
790 2430 830 2483 H.

325 2540 352 2592 q.
365 2521 456 2590 patet]
469 2531 546 2589 petet
562 2520 627 2570 edit.
645 2517 681 2568 H.

325 2627 366 2663 ιο.
383 2608 464 2661 simul
472 2606 565 2677 pares]
582 2615 666 2658 metro
683 2606 792 2659 violato.
810 2604 964 2676 octonisque
982 2623 1067 2676 pares
1084 2609 1163 2664 simul
1177 2611 1207 2663 bi
1221 2623 1288 2665 sunt
1306 2618 1358 2668 Id.

258 2689 357 2758 omnes.
375 2699 408 2749 B.
849 2710 853 2718 ¹

328 2790 370 2842 rb.
389 2787 430 2854 at]
449 2796 476 2837 et
493 2803 515 2835 c.
535 2802 558 2834 c.
577 2785 655 2835 nonis
671 2783 713 2836 bis
729 2803 754 2834 r.
773 2785 900 2853 quaterni
916 2784 981 2838 edit.
998 2785 1035 2837 H.

327 2877 368 2930 14.
387 2887 414 2929 et
430 2872 497 2944 ipse]
513 2873 571 2941 ipse
587 2882 615 2924 et
631 2872 696 2924 edit.
713 2871 750 2924 H.

538 2953 558 2994 Ο

324 3117 406 3171 Antb.
423 3112 459 3166 V.
478 3129 520 3182 7ο.
546 3110 671 3164 Wernsd.
688 3111 764 3164 Post.
779 3113 825 3163 lot.
848 3109 883 3160 T.
901 3109 923 3160 Ι.
940 3125 968 3177 p.
985 3110 1036 3165 583
1053 3121 1081 3164 et
1096 3114 1147 3182 59⁸
1163 3133 1221 3184 sqq.
1264 3117 1297 3170 In
1316 3138 1367 3174 ms.

257 3211 336 3264 Voss.
355 3215 396 3258 cst
412 3204 502 3255 Bedae
517 3202 679 3254 venerabilis
693 3200 850 3269 Presbyteri
861 3197 994 3260 Guaulurs
1010 3201 1038 3252 in
1054 3221 1101 3254 ms.
1119 3203 1198 3260 Leid.
1215 3207 1369 3277 Gonfliotus

257 3300 329 3350 veris
346 3305 373 3346 et
389 3291 501 3350 hiemin-
520 3290 548 3340 in
565 3309 611 3343 ms.
627 3290 734 3342 Pithoni
753 3289 865 3359 Virgilii
882 3289 915 3340 de
930 3293 1098 3343 contentione
1119 3297 1191 3346 ocris
1207 3305 1234 3346 et
1251 3297 1370 3358 hirmin

257 3388 285 3436 in
306 3401 354 3433 ms.
377 3380 448 3430 Bibl.
473 3375 640 3430 colbertinae
663 3380 776 3454 Milonis
798 3378 895 3430 Sancti
910 3379 1031 3431 Amondi
1053 3381 1213 3434 Blnonensis
1236 3385 1387 3439 monacbi'

259 3471 402 3539 conflictus
418 3468 490 3520 reris
507 3479 534 3519 et
551 3469 655 3520 biemis.
690 3467 741 3534 (De
758 3465 810 3516 hoc
830 3466 935 3518 Milone
956 3469 1083 3521 monacho
1105 3469 1209 3537 scripsit
1224 3470 1371 3526 Fabricius

258 3559 286 3609 in
303 3557 374 3608 Bibl.
391 3557 439 3607 lat.
453 3554 526 3608 Med.
545 3563 573 3607 et
588 3555 637 3608 Ins.
655 3563 706 3606 aet.
724 3553 759 3604 T.
776 3551 811 3605 V·
830 3571 857 3620 p.
875 3553 929 3623 79·)
963 3556 993 3618 In
1009 3575 1057 3609 ms.
1078 3555 1161 3609 Goth.
1181 3558 1280 3627 legitur
1297 3564 1372 3614 Ovi-

260 3645 323 3696 dius
338 3645 414 3695 Naso
431 3646 463 3696 de
480 3645 595 3708 cucula,
609 3642 746 3694 adnotsnte
764 3641 908 3696 Duebnoro
923 3642 951 3696 in
967 3644 1054 3699 Iahnii
1069 3647 1138 3702 Ann.
1158 3646 1235 3701 1828.
1259 3648 1263 3661 “

328 3747 357 3783 ι.
372 3730 516 3801 pecudum]
529 3733 660 3800 pecodum
676 3745 723 3780 ms.
740 3729 902 3785 Turioamit.

329 3821 356 3873 b·
374 3817 499 3884 arborea]
516 3818 642 3870 arboreae
658 3833 705 3868 ms.
724 3815 791 3870 Tur.

283 3957 288 3966 ,
379 3904 480 3973 laetos]
496 3907 564 3959 laeti
579 3925 626 3960 ms·
641 3903 757 3958 Gotban.

330 4013 356 4066 7.
375 3992 484 4064 rigidis]
500 3994 607 4064 rigidus
622 4010 669 4044 ms.
687 3991 754 4046 Tur.

331 4101 359 4153 9.
378 4080 477 4148 ternos]
493 4099 541 4132 ms.
561 4080 680 4133 Colbert.
699 4091 774 4135 temo
788 4084 876 4152 vulgo.

332 4186 374 4222 ιι.
394 4167 561 4244 carissimus]
577 4187 624 4220 ms.
643 4169 763 4224 colbert.
778 4171 953 4242 gratissimus
968 4173 1060 4242 vulgo.

333 4273 377 4310 ιι.
394 4257 478 4310 rutilo
493 4281 529 4299 ···
546 4254 645 4323 rostro]
667 4271 726 4311 mss.
749 4253 814 4312 Tur.
837 4259 955 4315 colbert.
981 4261 1125 4318 modulans
1146 4259 1217 4316 bonu
1243 4265 1381 4317 carmin

267 4354 358 4398 nostro
375 4345 462 4413 vulgo.
