2992 4826
773 221 840 336 're

388 458 517 525 Ducunt
536 449 799 533 volenlem¹fala,
822 451 986 516 nolentem
1005 453 1143 538 trahunt,

387 560 554 644 Malusque
574 556 691 646 pallor,
720 555 808 643 quod
827 554 894 646 pati
913 556 1003 624 licuit
1025 558 1122 626 bono.

773 705 858 776 133.

630 813 676 881 L·
690 807 830 879 Annaei
848 811 1003 884 Senecae.

347 929 442 998 Auro
463 929 539 1018 quid
561 928 700 995 melius?
728 927 835 1018 iaspis.
857 928 933 1016 quid
954 931 1098 1021 iaspide?
1124 957 1242 1000 senem.

389 1036 482 1124 Quid
498 1037 612 1102 sensu?
632 1032 728 1100 ratio.
749 1031 826 1120 quid
847 1032 993 1134 ratione?
1015 1035 1102 1103 (leus.

346 1247 455 1322 Vento
476 1242 552 1332 quid
573 1242 697 1338 levius?
718 1241 853 1309 fulmen.
874 1244 950 1331 quid
971 1243 1131 1314 fulmine?
1152 1245 1249 1314 fama.

386 1355 486 1420 Fama
507 1349 605 1439 quid?
626 1347 755 1416 mulier.
775 1347 852 1437 quid
872 1349 1031 1419 muliere?
1051 1351 1144 1419 nihil.

771 1497 855 1574 134·
953 1572 958 1582 ,

536 1587 539 1592 ,
636 1605 681 1676 L.
693 1601 996 1678 AnnaeiSenecae

662 1711 833 1778 (Parcendum
850 1713 970 1782 Misero.)

348 1813 456 1879 Occisi
477 1810 623 1898 iugulum
644 1807 783 1896 quisquis
806 1813 955 1878 scrutaris
972 1812 1072 1892 ,amici

390 1919 463 2000 Tu,
483 1916 640 1981 miserum
660 1914 800 1980 necdum
820 1937 875 1980 me
894 1916 967 1982 salis
988 1941 1055 1980 esse
1076 1923 1186 2004 putas?

348 2023 469 2088 Desere
491 2017 687 2086 confossum.
730 2018 858 2086 Victori
878 2022 993 2098 vulnus
1014 2021 1126 2108 iniquo

391 2124 603 2194 Moruferum
622 2123 772 2218 inpressit
793 2137 921 2191 mortua
941 2149 1035 2216 saepe
1054 2149 1179 2194 manus.
1225 2116 1228 2124 ’

777 2254 860 2328 135.

631 2363 677 2432 L.
700 2361 839 2432 Ancaei
860 2365 1007 2434 Senecae
1067 2433 1069 2438 ,

553 2469 589 2523 acl
606 2467 638 2524 C·
657 2469 764 2526 Vibium
787 2471 908 2539 Crispum
924 2467 1083 2532 Passienum.
1115 2469 1127 2498 ⁶
1224 2545 1227 2552 ἱ

655 2559 701 2628 (ud
718 2559 827 2612 amicum
849 2557 986 2628 optimum)

329 2659 463 2749 Crispe3
490 2683 581 2744 meae
602 2660 688 2728 vires
709 2660 925 2745 lassarumque
946 2653 1086 2719 anchora
1105 2677 1226 2740 rerum,
1269 2653 1271 2656 ’

372 2766 486 2852 Crispe
505 2769 560 2833 vel
580 2766 708 2853 antiquo
730 2762 955 2852 conspiciende
977 2760 1061 2846 foro,

330 2874 460 2963 Crispe,
486 2885 597 2961 potens
617 2891 811 2956 numquam,
839 2866 902 2932 nisi
925 2892 999 2934 cum
1020 2867 1172 2957 prodesse
1190 2869 1335 2955 volebas,

368 2977 548 3064 Naufragio
563 2977 636 3042 lllu's
653 2987 779 3062 tutaque
789 2983 878 3040 terra
895 2997 982 3058 meo,

199 3121 201 3126 ·
267 3093 289 3157 5
333 3088 426 3154 Solus
447 3085 554 3152 honor
570 3083 683 3168 nobis,
712 3105 772 3149 am
792 3094 822 3147 et
839 3080 996 3148 tutissima
1016 3077 1121 3159 nobis,
1216 3094 1219 3104 “
1267 3093 1269 3100 ·

371 3194 414 3259 Et
434 3215 520 3257 nunc
541 3191 667 3260 adflicto
688 3191 757 3256 sola
777 3189 864 3278 quies
884 3188 1005 3254 animo.

330 3297 459 3385 Crispe,
487 3297 566 3363 fides
588 3298 688 3364 dulcis
712 3295 892 3384 placidique
912 3292 1068 3356 acerrima
1089 3291 1201 3374 vimus,

371 3400 469 3466 Cuius
491 3389 648 3491 Cecropio
672 3413 801 3494 pectora
821 3397 918 3460 melle
939 3393 1069 3458 madent
1075 3419 1087 3474 3

328 3507 479 3574 Maxima
498 3507 634 3576 facundo
655 3510 710 3575 vel
730 3527 793 3570 avo
814 3502 869 3569 vel
889 3499 993 3587 gloria
1011 3500 1105 3588 patri,

270 3617 311 3684 10
374 3612 448 3699 Quo
467 3616 537 3679 solo
560 3624 662 3679 careat
681 3611 709 3676 si
731 3608 816 3698 quis,
837 3606 873 3671 in
894 3605 992 3690 exilio
1014 3617 1069 3673 est.

211 3734 216 3746 '
329 3720 384 3786 En
407 3717 477 3800 hic,
507 3713 668 3807 qui'iaceo
690 3715 774 3781 saxis
795 3710 916 3778 telluris
938 3713 1127 3778 adhaerens!

373 3825 469 3891 Mens
490 3837 595 3890 tecum
618 3823 686 3908 est,'
707 3821 796 3887 nulla
816 3840 896 3906 quae
917 3817 1079 3885 cohibetur
1099 3819 1224 3886 humo.¹

542 4103 544 4106 ·
634 4060 852 4148 [blanzei
863 4063 1008 4130 Senecae

534 4165 536 4170 ’
725 4169 754 4222 in
774 4167 914 4238 Crispum]

432 4257 672 4326 Ablalusmihi
694 4259 825 4348 Crispus
847 4269 907 4344 esl,'
932 4257 1044 4323 amici!

432 4366 498 4432 Pro
520 4381 583 4452 quo
604 4359 632 4424 si
651 4364 882 4450 pretim-dari
901 4363 1027 4444 licerer
1120 4388 1122 4396 ·
