<?xml version="1.0" encoding="UTF-8"?>
<!DOCTYPE html PUBLIC "-//W3C//DTD XHTML 1.0 Transitional//EN"
    "http://www.w3.org/TR/xhtml1/DTD/xhtml1-transitional.dtd">
<html xmlns="http://www.w3.org/1999/xhtml" xml:lang="en" lang="en">
 <head>
  <title>
</title>
<meta http-equiv="Content-Type" content="text/html;charset=utf-8" />
  <meta name='ocr-system' content='tesseract 3.04.00' />
  <meta name='ocr-capabilities' content='ocr_page ocr_carea ocr_par ocr_line ocrx_word'/>
</head>
<body>
  <div class='ocr_page' id='page_1' title='image "./anthologiaveter00burmgoog_0431.png"; bbox 0 0 2944 4836; ppageno 0'>
   <div class='ocr_carea' id='block_1_1' title="bbox 713 192 917 294">
    <p class='ocr_par' dir='ltr' id='par_1_1' title="bbox 713 192 917 294">
     <span class='ocr_line' id='line_1_1' title="bbox 713 192 917 294; baseline 0 -32"><span class='ocrx_word' id='word_1_1' title='bbox 713 192 917 294; x_wconf 41' lang='lat' dir='ltr'><strong>„ao-</strong></span> 
     </span>
    </p>
   </div>
   <div class='ocr_carea' id='block_1_2' title="bbox 262 375 1357 531">
    <p class='ocr_par' dir='ltr' id='par_1_2' title="bbox 262 375 1357 531">
     <span class='ocr_line' id='line_1_2' title="bbox 262 375 1357 452; baseline -0.009 -10"><span class='ocrx_word' id='word_1_2' title='bbox 262 386 416 452; x_wconf 77' lang='lat' dir='ltr'><strong>iambicum,</strong></span> <span class='ocrx_word' id='word_1_3' title='bbox 439 391 471 436; x_wconf 89' lang='lat' dir='ltr'><strong>ut</strong></span> <span class='ocrx_word' id='word_1_4' title='bbox 494 381 522 436; x_wconf 88' lang='lat' dir='ltr'><strong>in</strong></span> <span class='ocrx_word' id='word_1_5' title='bbox 538 397 564 435; x_wconf 81' lang='lat' dir='ltr'><strong>r.</strong></span> <span class='ocrx_word' id='word_1_6' title='bbox 584 398 607 433; x_wconf 89' lang='grc' dir='ltr'><strong>ι.</strong></span> <span class='ocrx_word' id='word_1_7' title='bbox 625 380 652 433; x_wconf 88' lang='grc'><strong>5.</strong></span> <span class='ocrx_word' id='word_1_8' title='bbox 669 379 696 436; x_wconf 85' lang='grc'><strong>5.</strong></span> <span class='ocrx_word' id='word_1_9' title='bbox 714 396 740 449; x_wconf 90' lang='grc'><strong>7.</strong></span> <span class='ocrx_word' id='word_1_10' title='bbox 759 394 785 448; x_wconf 72' lang='lat' dir='ltr'><strong>a.</strong></span> <span class='ocrx_word' id='word_1_11' title='bbox 806 395 848 432; x_wconf 88' lang='grc' dir='ltr'><strong>ιο.</strong></span> <span class='ocrx_word' id='word_1_12' title='bbox 868 378 909 431; x_wconf 87' lang='grc' dir='ltr'><strong>ι5.</strong></span> <span class='ocrx_word' id='word_1_13' title='bbox 932 375 991 444; x_wconf 76' lang='lat'><strong>²⁵·.</strong></span> <span class='ocrx_word' id='word_1_14' title='bbox 1016 376 1130 432; x_wconf 77' lang='lat' dir='ltr'><strong>alterum</strong></span> <span class='ocrx_word' id='word_1_15' title='bbox 1156 379 1357 452; x_wconf 80' lang='lat' dir='ltr'><strong>choriambicum,</strong></span> 
     </span>
     <span class='ocr_line' id='line_1_3' title="bbox 263 466 800 531; baseline -0.019 -4"><span class='ocrx_word' id='word_1_16' title='bbox 263 485 294 527; x_wconf 89' lang='lat' dir='ltr'><strong>ut</strong></span> <span class='ocrx_word' id='word_1_17' title='bbox 309 477 337 528; x_wconf 89' lang='lat' dir='ltr'><strong>in</strong></span> <span class='ocrx_word' id='word_1_18' title='bbox 353 492 379 528; x_wconf 78' lang='lat' dir='ltr'><strong>v.</strong></span> <span class='ocrx_word' id='word_1_19' title='bbox 397 491 424 531; x_wconf 77' lang='grc' dir='ltr'><strong>ι.</strong></span> <span class='ocrx_word' id='word_1_20' title='bbox 442 474 469 528; x_wconf 82' lang='lat' dir='ltr'><strong>t.</strong></span> <span class='ocrx_word' id='word_1_21' title='bbox 487 471 515 529; x_wconf 86' lang='grc'><strong>6.</strong></span> <span class='ocrx_word' id='word_1_22' title='bbox 532 473 559 528; x_wconf 88' lang='lat'><strong>8.</strong></span> <span class='ocrx_word' id='word_1_23' title='bbox 578 486 619 526; x_wconf 89' lang='grc' dir='ltr'><strong>ιι.</strong></span> <span class='ocrx_word' id='word_1_24' title='bbox 637 485 678 524; x_wconf 83' lang='grc' dir='ltr'><strong>ιι.</strong></span> <span class='ocrx_word' id='word_1_25' title='bbox 699 467 739 523; x_wconf 84' lang='grc' dir='ltr'><strong>ι4.</strong></span> <span class='ocrx_word' id='word_1_26' title='bbox 760 466 800 518; x_wconf 83' lang='lat' dir='ltr'><strong>rti.</strong></span> 
     </span>
    </p>
   </div>
   <div class='ocr_carea' id='block_1_3' title="bbox 769 621 852 690">
    <p class='ocr_par' dir='ltr' id='par_1_3' title="bbox 769 621 852 690">
     <span class='ocr_line' id='line_1_4' title="bbox 769 621 852 690; baseline -0.108 0"><span class='ocrx_word' id='word_1_27' title='bbox 769 621 852 690; x_wconf 79' lang='lat'><strong>212.</strong></span> 
     </span>
    </p>
   </div>
   <div class='ocr_carea' id='block_1_4' title="bbox 216 721 1361 1424">
    <p class='ocr_par' dir='ltr' id='par_1_4' title="bbox 216 721 1361 1424">
     <span class='ocr_line' id='line_1_5' title="bbox 216 721 1360 812; baseline 0.001 -20"><span class='ocrx_word' id='word_1_28' title='bbox 216 721 220 741; x_wconf 54' lang='lat'><em>³</em></span> <span class='ocrx_word' id='word_1_29' title='bbox 328 744 463 810; x_wconf 80' lang='lat' dir='ltr'><strong>Anth.11.</strong></span> <span class='ocrx_word' id='word_1_30' title='bbox 482 758 525 812; x_wconf 84' lang='lat'><strong>97.</strong></span> <span class='ocrx_word' id='word_1_31' title='bbox 544 758 578 795; x_wconf 81' lang='lat' dir='ltr'><strong>er</strong></span> <span class='ocrx_word' id='word_1_32' title='bbox 594 733 721 809; x_wconf 68' lang='lat' dir='ltr'><strong>spatiani</strong></span> <span class='ocrx_word' id='word_1_33' title='bbox 738 733 973 794; x_wconf 66' lang='lat' dir='ltr'><strong>Hadrumeto.</strong></span> <span class='ocrx_word' id='word_1_34' title='bbox 1003 737 1087 796; x_wconf 79' lang='lat' dir='ltr'><strong>Floro</strong></span> <span class='ocrx_word' id='word_1_35' title='bbox 1104 738 1236 808; x_wconf 79' lang='lat' dir='ltr'><strong>rescripsit</strong></span> <span class='ocrx_word' id='word_1_36' title='bbox 1249 739 1360 794; x_wconf 83' lang='lat' dir='ltr'><strong>Hadria-</strong></span> 
     </span>
     <span class='ocr_line' id='line_1_6' title="bbox 261 824 1360 898; baseline -0.006 -11"><span class='ocrx_word' id='word_1_37' title='bbox 261 850 310 888; x_wconf 87' lang='lat' dir='ltr'><strong>nus</strong></span> <span class='ocrx_word' id='word_1_38' title='bbox 327 833 353 886; x_wconf 88' lang='lat' dir='ltr'><strong>in</strong></span> <span class='ocrx_word' id='word_1_39' title='bbox 370 833 488 895; x_wconf 78' lang='lat' dir='ltr'>carmine,</span> <span class='ocrx_word' id='word_1_40' title='bbox 505 827 578 898; x_wconf 89' lang='lat' dir='ltr'><strong>quod</strong></span> <span class='ocrx_word' id='word_1_41' title='bbox 594 843 670 896; x_wconf 87' lang='lat' dir='ltr'><strong>supra</strong></span> <span class='ocrx_word' id='word_1_42' title='bbox 686 843 712 876; x_wconf 91' lang='lat' dir='ltr'><strong>u.</strong></span> <span class='ocrx_word' id='word_1_43' title='bbox 730 840 790 892; x_wconf 87' lang='lat'><strong>²⁰7·</strong></span> <span class='ocrx_word' id='word_1_44' title='bbox 815 824 886 876; x_wconf 83' lang='lat' dir='ltr'><strong>dedi.</strong></span> <span class='ocrx_word' id='word_1_45' title='bbox 924 824 1058 878; x_wconf 73' lang='lat' dir='ltr'>Charisius</span> <span class='ocrx_word' id='word_1_46' title='bbox 1081 844 1108 894; x_wconf 89' lang='lat' dir='ltr'><strong>p.</strong></span> <span class='ocrx_word' id='word_1_47' title='bbox 1136 827 1194 882; x_wconf 78' lang='lat'><strong>113.</strong></span> <span class='ocrx_word' id='word_1_48' title='bbox 1216 829 1277 880; x_wconf 79' lang='lat' dir='ltr'><strong>citat</strong></span> <span class='ocrx_word' id='word_1_49' title='bbox 1298 831 1360 883; x_wconf 82' lang='lat' dir='ltr'><strong>An-</strong></span> 
     </span>
     <span class='ocr_line' id='line_1_7' title="bbox 262 912 1360 972; baseline -0.004 0"><span class='ocrx_word' id='word_1_50' title='bbox 262 937 359 972; x_wconf 84' lang='lat' dir='ltr'><strong>naeum</strong></span> <span class='ocrx_word' id='word_1_51' title='bbox 380 919 491 971; x_wconf 79' lang='lat' dir='ltr'><strong>Florum</strong></span> <span class='ocrx_word' id='word_1_52' title='bbox 513 918 551 968; x_wconf 85' lang='lat' dir='ltr'><strong>ad</strong></span> <span class='ocrx_word' id='word_1_53' title='bbox 570 915 674 968; x_wconf 75' lang='lat' dir='ltr'><strong>Divum</strong></span> <span class='ocrx_word' id='word_1_54' title='bbox 694 912 869 966; x_wconf 80' lang='lat' dir='ltr'><em>Hadrianum</em></span> <span class='ocrx_word' id='word_1_55' title='bbox 890 915 1072 967; x_wconf 80' lang='lat' dir='ltr'><strong>Poematis</strong></span> <span class='ocrx_word' id='word_1_56' title='bbox 1097 914 1261 968; x_wconf 80' lang='lat' dir='ltr'><strong>delector.</strong></span> <span class='ocrx_word' id='word_1_57' title='bbox 1299 916 1360 968; x_wconf 81' lang='lat' dir='ltr'><strong>sal-</strong></span> 
     </span>
     <span class='ocr_line' id='line_1_8' title="bbox 261 999 1361 1074; baseline -0.001 -17"><span class='ocrx_word' id='word_1_58' title='bbox 261 1005 354 1058; x_wconf 83' lang='lat' dir='ltr'><strong>masius</strong></span> <span class='ocrx_word' id='word_1_59' title='bbox 369 1005 403 1056; x_wconf 88' lang='lat' dir='ltr'><strong>L.</strong></span> <span class='ocrx_word' id='word_1_60' title='bbox 418 1003 553 1056; x_wconf 79' lang='lat' dir='ltr'>Annaeum</span> <span class='ocrx_word' id='word_1_61' title='bbox 567 1001 688 1066; x_wconf 84' lang='lat' dir='ltr'><strong>Florum,</strong></span> <span class='ocrx_word' id='word_1_62' title='bbox 705 1001 750 1068; x_wconf 90' lang='lat' dir='ltr'><strong>qui</strong></span> <span class='ocrx_word' id='word_1_63' title='bbox 768 999 900 1068; x_wconf 77' lang='lat' dir='ltr'>epitomen</span> <span class='ocrx_word' id='word_1_64' title='bbox 916 1002 1042 1074; x_wconf 78' lang='lat' dir='ltr'><strong>historiae</strong></span> <span class='ocrx_word' id='word_1_65' title='bbox 1049 1001 1180 1054; x_wconf 81' lang='lat' dir='ltr'><strong>Romanae</strong></span> <span class='ocrx_word' id='word_1_66' title='bbox 1194 1005 1302 1072; x_wconf 73' lang='lat' dir='ltr'><strong>scripsit,</strong></span> <span class='ocrx_word' id='word_1_67' title='bbox 1318 1005 1361 1056; x_wconf 90' lang='lat' dir='ltr'><strong>iu-</strong></span> 
     </span>
     <span class='ocr_line' id='line_1_9' title="bbox 260 1087 1361 1161; baseline -0.002 -17"><span class='ocrx_word' id='word_1_68' title='bbox 260 1093 371 1159; x_wconf 79' lang='lat' dir='ltr'><strong>telligit,</strong></span> <span class='ocrx_word' id='word_1_69' title='bbox 392 1091 434 1153; x_wconf 82' lang='lat' dir='ltr'><strong>cui</strong></span> <span class='ocrx_word' id='word_1_70' title='bbox 455 1089 599 1143; x_wconf 78' lang='lat' dir='ltr'><strong>adsentitur</strong></span> <span class='ocrx_word' id='word_1_71' title='bbox 620 1087 773 1158; x_wconf 78' lang='lat' dir='ltr'>Bernhardy</span> <span class='ocrx_word' id='word_1_72' title='bbox 798 1087 878 1142; x_wconf 74' lang='lat' dir='ltr'><strong>Ram.</strong></span> <span class='ocrx_word' id='word_1_73' title='bbox 901 1089 969 1143; x_wconf 89' lang='lat' dir='ltr'><strong>Litt.</strong></span> <span class='ocrx_word' id='word_1_74' title='bbox 994 1109 1021 1161; x_wconf 90' lang='lat' dir='ltr'><strong>p.</strong></span> <span class='ocrx_word' id='word_1_75' title='bbox 1042 1107 1103 1160; x_wconf 85' lang='lat'><strong>277.</strong></span> <span class='ocrx_word' id='word_1_76' title='bbox 1138 1091 1296 1146; x_wconf 77' lang='lat' dir='ltr'>Burmannus</span> <span class='ocrx_word' id='word_1_77' title='bbox 1318 1093 1361 1143; x_wconf 90' lang='lat' dir='ltr'><strong>in·-</strong></span> 
     </span>
     <span class='ocr_line' id='line_1_10' title="bbox 259 1177 1358 1248; baseline 0 -16"><span class='ocrx_word' id='word_1_78' title='bbox 259 1181 365 1248; x_wconf 84' lang='lat' dir='ltr'><strong>scripsit</strong></span> <span class='ocrx_word' id='word_1_79' title='bbox 379 1180 449 1233; x_wconf 84' lang='lat' dir='ltr'><strong>Iulii</strong></span> <span class='ocrx_word' id='word_1_80' title='bbox 462 1180 549 1242; x_wconf 84' lang='lat' dir='ltr'><strong>Fieri,</strong></span> <span class='ocrx_word' id='word_1_81' title='bbox 564 1177 652 1230; x_wconf 85' lang='lat' dir='ltr'><strong>nescio</strong></span> <span class='ocrx_word' id='word_1_82' title='bbox 670 1192 719 1246; x_wconf 84' lang='lat' dir='ltr'><strong>qua</strong></span> <span class='ocrx_word' id='word_1_83' title='bbox 736 1178 890 1229; x_wconf 79' lang='lat' dir='ltr'><strong>auctoritate</strong></span> <span class='ocrx_word' id='word_1_84' title='bbox 908 1181 1001 1234; x_wconf 84' lang='lat' dir='ltr'><strong>fretus.</strong></span> <span class='ocrx_word' id='word_1_85' title='bbox 1037 1179 1114 1232; x_wconf 88' lang='lat' dir='ltr'><strong>Couf.</strong></span> <span class='ocrx_word' id='word_1_86' title='bbox 1125 1177 1271 1238; x_wconf 85' lang='lat' dir='ltr'><strong>Weichert.</strong></span> <span class='ocrx_word' id='word_1_87' title='bbox 1282 1181 1358 1234; x_wconf 84' lang='lat' dir='ltr'><strong>Poet.</strong></span> 
     </span>
     <span class='ocr_line' id='line_1_11' title="bbox 261 1264 1160 1341; baseline 0.002 -21"><span class='ocrx_word' id='word_1_88' title='bbox 261 1271 283 1325; x_wconf 89' lang='lat'><strong>1.</strong></span> <span class='ocrx_word' id='word_1_89' title='bbox 293 1267 355 1320; x_wconf 84' lang='lat' dir='ltr'><strong>Rei.</strong></span> <span class='ocrx_word' id='word_1_90' title='bbox 374 1287 402 1338; x_wconf 90' lang='lat' dir='ltr'><strong>p.</strong></span> <span class='ocrx_word' id='word_1_91' title='bbox 419 1267 479 1336; x_wconf 81' lang='grc'><strong>559.</strong></span> <span class='ocrx_word' id='word_1_92' title='bbox 514 1267 631 1320; x_wconf 81' lang='lat' dir='ltr'><strong>Fiedier.</strong></span> <span class='ocrx_word' id='word_1_93' title='bbox 646 1265 676 1316; x_wconf 87' lang='lat' dir='ltr'><strong>in</strong></span> <span class='ocrx_word' id='word_1_94' title='bbox 694 1265 801 1333; x_wconf 85' lang='lat' dir='ltr'><strong>Scriptt.</strong></span> <span class='ocrx_word' id='word_1_95' title='bbox 818 1264 854 1317; x_wconf 87' lang='lat' dir='ltr'><strong>H.</strong></span> <span class='ocrx_word' id='word_1_96' title='bbox 873 1265 909 1320; x_wconf 88' lang='lat' dir='ltr'><strong>R.</strong></span> <span class='ocrx_word' id='word_1_97' title='bbox 927 1269 1024 1331; x_wconf 81' lang='lat' dir='ltr'><strong>minor.</strong></span> <span class='ocrx_word' id='word_1_98' title='bbox 1039 1287 1067 1341; x_wconf 90' lang='lat' dir='ltr'><strong>p.</strong></span> <span class='ocrx_word' id='word_1_99' title='bbox 1082 1267 1160 1326; x_wconf 74' lang='lat' dir='ltr'><strong>XVI.</strong></span> 
     </span>
     <span class='ocr_line' id='line_1_12' title="bbox 276 1353 898 1424; baseline -0.006 -14"><span class='ocrx_word' id='word_1_100' title='bbox 276 1369 281 1388; x_wconf 87' lang='lat'><strong><em>‘</em></strong></span> <span class='ocrx_word' id='word_1_101' title='bbox 327 1374 354 1410; x_wconf 78' lang='grc' dir='ltr'><strong>ι.</strong></span> <span class='ocrx_word' id='word_1_102' title='bbox 372 1355 520 1424; x_wconf 77' lang='lat' dir='ltr'><strong>ambulare]</strong></span> <span class='ocrx_word' id='word_1_103' title='bbox 536 1354 753 1424; x_wconf 80' lang='lat' dir='ltr'><strong>pronuntiandum</strong></span> <span class='ocrx_word' id='word_1_104' title='bbox 770 1353 898 1420; x_wconf 65' lang='lat' dir='ltr'><strong>ambiere.</strong></span> 
     </span>
    </p>
   </div>
   <div class='ocr_carea' id='block_1_5' title="bbox 763 1522 849 1596">
    <p class='ocr_par' dir='ltr' id='par_1_5' title="bbox 763 1522 849 1596">
     <span class='ocr_line' id='line_1_13' title="bbox 763 1522 849 1596; baseline -0.128 0"><span class='ocrx_word' id='word_1_105' title='bbox 763 1522 849 1596; x_wconf 83' lang='lat'><strong>213.</strong></span> 
     </span>
    </p>
   </div>
   <div class='ocr_carea' id='block_1_6' title="bbox 194 1654 1455 1996">
    <p class='ocr_par' dir='ltr' id='par_1_6' title="bbox 194 1654 1455 1996">
     <span class='ocr_line' id='line_1_14' title="bbox 326 1654 1364 1729; baseline -0.003 -15"><span class='ocrx_word' id='word_1_106' title='bbox 326 1661 409 1715; x_wconf 80' lang='lat' dir='ltr'><strong>Anth.</strong></span> <span class='ocrx_word' id='word_1_107' title='bbox 424 1657 446 1712; x_wconf 91' lang='lat'><strong>1.</strong></span> <span class='ocrx_word' id='word_1_108' title='bbox 468 1675 513 1710; x_wconf 81' lang='lat' dir='ltr'><strong>ro.</strong></span> <span class='ocrx_word' id='word_1_109' title='bbox 543 1654 669 1712; x_wconf 78' lang='lat' dir='ltr'><strong>Wernsd.</strong></span> <span class='ocrx_word' id='word_1_110' title='bbox 688 1657 767 1712; x_wconf 85' lang='lat' dir='ltr'><strong>Poet.</strong></span> <span class='ocrx_word' id='word_1_111' title='bbox 794 1657 829 1712; x_wconf 87' lang='grc' dir='ltr'><strong>Τ.</strong></span> <span class='ocrx_word' id='word_1_112' title='bbox 844 1657 880 1712; x_wconf 89' lang='lat'><strong>11.</strong></span> <span class='ocrx_word' id='word_1_113' title='bbox 908 1675 936 1729; x_wconf 88' lang='lat' dir='ltr'><strong>p.</strong></span> <span class='ocrx_word' id='word_1_114' title='bbox 954 1658 1013 1728; x_wconf 87' lang='grc'><strong>557.</strong></span> <span class='ocrx_word' id='word_1_115' title='bbox 1031 1661 1117 1714; x_wconf 76' lang='lat' dir='ltr'><strong>&#39;Octo</strong></span> <span class='ocrx_word' id='word_1_116' title='bbox 1139 1659 1274 1729; x_wconf 84' lang='lat' dir='ltr'><strong>sequentis</strong></span> <span class='ocrx_word' id='word_1_117' title='bbox 1298 1660 1364 1727; x_wconf 87' lang='lat' dir='ltr'><strong>cpi-</strong></span> 
     </span>
     <span class='ocr_line' id='line_1_15' title="bbox 207 1746 1365 1822; baseline -0.003 -19"><span class='ocrx_word' id='word_1_118' title='bbox 207 1811 211 1820; x_wconf 40' lang='lat'><strong>,</strong></span> <span class='ocrx_word' id='word_1_119' title='bbox 259 1760 397 1822; x_wconf 81' lang='lat' dir='ltr'><strong>grammata</strong></span> <span class='ocrx_word' id='word_1_120' title='bbox 414 1749 440 1800; x_wconf 90' lang='lat' dir='ltr'><strong>in</strong></span> <span class='ocrx_word' id='word_1_121' title='bbox 456 1746 576 1816; x_wconf 84' lang='lat' dir='ltr'><strong>pluribus</strong></span> <span class='ocrx_word' id='word_1_122' title='bbox 593 1764 653 1805; x_wconf 83' lang='lat' dir='ltr'><strong>mss.</strong></span> <span class='ocrx_word' id='word_1_123' title='bbox 670 1747 803 1800; x_wconf 80' lang='lat' dir='ltr'><strong>coniuncta</strong></span> <span class='ocrx_word' id='word_1_124' title='bbox 820 1746 959 1818; x_wconf 79' lang='lat' dir='ltr'><strong>leguntur,</strong></span> <span class='ocrx_word' id='word_1_125' title='bbox 975 1747 1012 1800; x_wconf 76' lang='lat' dir='ltr'><strong>ita</strong></span> <span class='ocrx_word' id='word_1_126' title='bbox 1027 1755 1056 1800; x_wconf 86' lang='lat' dir='ltr'><strong>ut</strong></span> <span class='ocrx_word' id='word_1_127' title='bbox 1071 1747 1098 1800; x_wconf 87' lang='lat' dir='ltr'><strong>in</strong></span> <span class='ocrx_word' id='word_1_128' title='bbox 1113 1765 1161 1801; x_wconf 86' lang='lat' dir='ltr'><strong>ms.</strong></span> <span class='ocrx_word' id='word_1_129' title='bbox 1180 1747 1258 1800; x_wconf 79' lang='lat' dir='ltr'><strong>Salus.</strong></span> <span class='ocrx_word' id='word_1_130' title='bbox 1276 1748 1365 1800; x_wconf 81' lang='lat' dir='ltr'><strong>totius</strong></span> 
     </span>
     <span class='ocr_line' id='line_1_16' title="bbox 261 1831 1455 1910; baseline -0.001 -20"><span class='ocrx_word' id='word_1_131' title='bbox 261 1839 380 1892; x_wconf 76' lang='lat' dir='ltr'><strong>carminis</strong></span> <span class='ocrx_word' id='word_1_132' title='bbox 401 1838 435 1889; x_wconf 82' lang='lat' dir='ltr'><strong>sit</strong></span> <span class='ocrx_word' id='word_1_133' title='bbox 457 1834 648 1910; x_wconf 79' lang='lat' dir='ltr'><strong>titulusFlari</strong></span> <span class='ocrx_word' id='word_1_134' title='bbox 682 1836 714 1887; x_wconf 82' lang='lat' dir='ltr'><strong>de</strong></span> <span class='ocrx_word' id='word_1_135' title='bbox 738 1835 875 1907; x_wconf 78' lang='lat' dir='ltr'><strong>qualitate</strong></span> <span class='ocrx_word' id='word_1_136' title='bbox 895 1831 986 1903; x_wconf 79' lang='lat' dir='ltr'><strong>vitae,</strong></span> <span class='ocrx_word' id='word_1_137' title='bbox 1006 1837 1034 1889; x_wconf 90' lang='lat' dir='ltr'><strong>in</strong></span> <span class='ocrx_word' id='word_1_138' title='bbox 1055 1854 1103 1888; x_wconf 86' lang='grc' dir='ltr'><strong>ιιιι.</strong></span> <span class='ocrx_word' id='word_1_139' title='bbox 1128 1835 1256 1888; x_wconf 81' lang='lat' dir='ltr'><strong>Thusneo</strong></span> <span class='ocrx_word' id='word_1_140' title='bbox 1280 1837 1364 1904; x_wconf 73' lang='lat'><strong>8071.</strong></span> <span class='ocrx_word' id='word_1_141' title='bbox 1454 1859 1455 1868; x_wconf 52' lang='lat'>¹</span> 
     </span>
     <span class='ocr_line' id='line_1_17' title="bbox 194 1923 1364 1996; baseline -0.006 -12"><span class='ocrx_word' id='word_1_142' title='bbox 194 1974 197 1984; x_wconf 79' lang='grc'><strong>,</strong></span> <span class='ocrx_word' id='word_1_143' title='bbox 244 1927 365 1989; x_wconf 80' lang='lat' dir='ltr'><strong>,Floridi</strong></span> <span class='ocrx_word' id='word_1_144' title='bbox 381 1929 414 1979; x_wconf 89' lang='lat' dir='ltr'><strong>de</strong></span> <span class='ocrx_word' id='word_1_145' title='bbox 430 1925 566 1996; x_wconf 76' lang='lat' dir='ltr'><strong>qualitate</strong></span> <span class='ocrx_word' id='word_1_146' title='bbox 582 1926 667 1978; x_wconf 80' lang='lat' dir='ltr'><strong>vitae.</strong></span> <span class='ocrx_word' id='word_1_147' title='bbox 706 1923 748 1978; x_wconf 91' lang='lat' dir='ltr'><strong>Eo</strong></span> <span class='ocrx_word' id='word_1_148' title='bbox 773 1943 839 1978; x_wconf 81' lang='lat' dir='ltr'><strong>vero</strong></span> <span class='ocrx_word' id='word_1_149' title='bbox 861 1925 970 1990; x_wconf 79' lang='lat' dir='ltr'><strong>ordire,</strong></span> <span class='ocrx_word' id='word_1_150' title='bbox 997 1942 1049 1994; x_wconf 89' lang='lat' dir='ltr'><strong>quo</strong></span> <span class='ocrx_word' id='word_1_151' title='bbox 1065 1924 1094 1976; x_wconf 89' lang='lat' dir='ltr'><strong>iu</strong></span> <span class='ocrx_word' id='word_1_152' title='bbox 1115 1941 1174 1975; x_wconf 81' lang='lat' dir='ltr'><strong>uras.</strong></span> <span class='ocrx_word' id='word_1_153' title='bbox 1192 1923 1273 1975; x_wconf 86' lang='lat' dir='ltr'><strong>Salm.</strong></span> <span class='ocrx_word' id='word_1_154' title='bbox 1289 1923 1364 1977; x_wconf 86' lang='lat' dir='ltr'><strong>Thu.</strong></span> 
     </span>
    </p>
   </div>
   <div class='ocr_carea' id='block_1_7' title="bbox 258 2009 1366 2701">
    <p class='ocr_par' dir='ltr' id='par_1_7' title="bbox 258 2009 1366 2422">
     <span class='ocr_line' id='line_1_18' title="bbox 259 2009 1365 2084; baseline -0.005 -15"><span class='ocrx_word' id='word_1_155' title='bbox 259 2016 396 2084; x_wconf 80' lang='lat' dir='ltr'><strong>leguntur,</strong></span> <span class='ocrx_word' id='word_1_156' title='bbox 419 2031 521 2082; x_wconf 85' lang='lat' dir='ltr'><strong>quoque</strong></span> <span class='ocrx_word' id='word_1_157' title='bbox 545 2012 668 2082; x_wconf 82' lang='lat' dir='ltr'><strong>aLiprio</strong></span> <span class='ocrx_word' id='word_1_158' title='bbox 691 2013 719 2066; x_wconf 86' lang='lat' dir='ltr'><strong>iu</strong></span> <span class='ocrx_word' id='word_1_159' title='bbox 739 2011 827 2066; x_wconf 86' lang='lat' dir='ltr'><strong>Eleot.</strong></span> <span class='ocrx_word' id='word_1_160' title='bbox 845 2014 868 2066; x_wconf 91' lang='grc' dir='ltr'><strong>Ι.</strong></span> <span class='ocrx_word' id='word_1_161' title='bbox 885 2014 911 2067; x_wconf 89' lang='lat'><strong>5.</strong></span> <span class='ocrx_word' id='word_1_162' title='bbox 934 2014 1038 2080; x_wconf 81' lang='lat' dir='ltr'><strong>vulgata</strong></span> <span class='ocrx_word' id='word_1_163' title='bbox 1055 2021 1128 2078; x_wconf 85' lang='lat' dir='ltr'><strong>sunt,</strong></span> <span class='ocrx_word' id='word_1_164' title='bbox 1154 2011 1236 2064; x_wconf 86' lang='lat' dir='ltr'><strong>edidi.</strong></span> <span class='ocrx_word' id='word_1_165' title='bbox 1269 2009 1365 2064; x_wconf 86' lang='lat' dir='ltr'><strong>Eidem</strong></span> 
     </span>
     <span class='ocr_line' id='line_1_19' title="bbox 258 2099 1366 2172; baseline -0.002 -16"><span class='ocrx_word' id='word_1_166' title='bbox 258 2104 293 2156; x_wconf 84' lang='lat' dir='ltr'><strong>L.</strong></span> <span class='ocrx_word' id='word_1_167' title='bbox 317 2105 422 2156; x_wconf 78' lang='lat' dir='ltr'><strong>Annaeo</strong></span> <span class='ocrx_word' id='word_1_168' title='bbox 445 2103 528 2155; x_wconf 85' lang='lat' dir='ltr'><strong>Floro</strong></span> <span class='ocrx_word' id='word_1_169' title='bbox 552 2100 697 2167; x_wconf 80' lang='lat' dir='ltr'><strong>hicterico,</strong></span> <span class='ocrx_word' id='word_1_170' title='bbox 722 2103 765 2153; x_wconf 90' lang='lat' dir='ltr'><strong>cui</strong></span> <span class='ocrx_word' id='word_1_171' title='bbox 787 2102 947 2172; x_wconf 78' lang='lat' dir='ltr'><strong>praecedens</strong></span> <span class='ocrx_word' id='word_1_172' title='bbox 970 2102 1129 2166; x_wconf 80' lang='lat' dir='ltr'><strong>vindicatur,</strong></span> <span class='ocrx_word' id='word_1_173' title='bbox 1153 2099 1307 2152; x_wconf 78' lang='lat' dir='ltr'><strong>aSulmasio</strong></span> <span class='ocrx_word' id='word_1_174' title='bbox 1328 2103 1366 2154; x_wconf 81' lang='lat' dir='ltr'><strong>ad</strong></span> 
     </span>
     <span class='ocr_line' id='line_1_20' title="bbox 259 2189 1366 2261; baseline -0.002 -17"><span class='ocrx_word' id='word_1_175' title='bbox 259 2192 385 2261; x_wconf 83' lang='lat' dir='ltr'><strong>Spurtiuui</strong></span> <span class='ocrx_word' id='word_1_176' title='bbox 401 2190 562 2244; x_wconf 81' lang='lat' dir='ltr'><strong>Hadrianum</strong></span> <span class='ocrx_word' id='word_1_177' title='bbox 578 2209 603 2242; x_wconf 85' lang='lat' dir='ltr'><strong>c.</strong></span> <span class='ocrx_word' id='word_1_178' title='bbox 623 2189 664 2246; x_wconf 82' lang='lat'><strong>16.</strong></span> <span class='ocrx_word' id='word_1_179' title='bbox 682 2191 750 2255; x_wconf 64' lang='grc' dir='ltr'><strong>ΤΑ.</strong></span> <span class='ocrx_word' id='word_1_180' title='bbox 769 2207 796 2259; x_wconf 86' lang='lat' dir='ltr'><strong>p.</strong></span> <span class='ocrx_word' id='word_1_181' title='bbox 816 2193 874 2245; x_wconf 78' lang='lat'><strong>155.</strong></span> <span class='ocrx_word' id='word_1_182' title='bbox 895 2192 1052 2258; x_wconf 83' lang='lat' dir='ltr'><strong>tribuantur,</strong></span> <span class='ocrx_word' id='word_1_183' title='bbox 1069 2189 1366 2244; x_wconf 77' lang='lat' dir='ltr'><strong>sWerusdorfioPoet.</strong></span> 
     </span>
     <span class='ocr_line' id='line_1_21' title="bbox 259 2278 1366 2350; baseline -0.004 -16"><span class='ocrx_word' id='word_1_184' title='bbox 259 2282 295 2334; x_wconf 90' lang='lat' dir='ltr'><strong>T.</strong></span> <span class='ocrx_word' id='word_1_185' title='bbox 311 2282 346 2334; x_wconf 89' lang='lat'><strong>11.</strong></span> <span class='ocrx_word' id='word_1_186' title='bbox 366 2297 394 2348; x_wconf 89' lang='lat' dir='ltr'><strong>p.</strong></span> <span class='ocrx_word' id='word_1_187' title='bbox 411 2281 471 2333; x_wconf 76' lang='grc'><strong>505.</strong></span> <span class='ocrx_word' id='word_1_188' title='bbox 489 2288 518 2332; x_wconf 86' lang='lat' dir='ltr'><strong>et</strong></span> <span class='ocrx_word' id='word_1_189' title='bbox 533 2279 568 2332; x_wconf 89' lang='lat' dir='ltr'><strong>T.</strong></span> <span class='ocrx_word' id='word_1_190' title='bbox 584 2278 644 2332; x_wconf 85' lang='lat' dir='ltr'><strong>VII.</strong></span> <span class='ocrx_word' id='word_1_191' title='bbox 662 2298 690 2350; x_wconf 88' lang='lat' dir='ltr'><strong>p.</strong></span> <span class='ocrx_word' id='word_1_192' title='bbox 707 2295 750 2331; x_wconf 74' lang='grc' dir='ltr'><strong>ιι.</strong></span> <span class='ocrx_word' id='word_1_193' title='bbox 770 2278 805 2332; x_wconf 89' lang='lat' dir='ltr'><strong>L.</strong></span> <span class='ocrx_word' id='word_1_194' title='bbox 831 2280 914 2333; x_wconf 88' lang='lat' dir='ltr'><strong>Vibio</strong></span> <span class='ocrx_word' id='word_1_195' title='bbox 935 2281 1018 2334; x_wconf 83' lang='lat' dir='ltr'><strong>Floro</strong></span> <span class='ocrx_word' id='word_1_196' title='bbox 1033 2278 1126 2334; x_wconf 80' lang='lat' dir='ltr'><strong>nescio</strong></span> <span class='ocrx_word' id='word_1_197' title='bbox 1144 2279 1189 2332; x_wconf 81' lang='lat' dir='ltr'><strong>eui</strong></span> <span class='ocrx_word' id='word_1_198' title='bbox 1204 2287 1309 2348; x_wconf 79' lang='lat' dir='ltr'><strong>poetae.</strong></span> <span class='ocrx_word' id='word_1_199' title='bbox 1324 2305 1366 2320; x_wconf 77' lang='grc'><strong>«-</strong></span> 
     </span>
     <span class='ocr_line' id='line_1_22' title="bbox 259 2367 808 2422; baseline -0.004 0"><span class='ocrx_word' id='word_1_200' title='bbox 259 2369 356 2422; x_wconf 84' lang='lat' dir='ltr'><strong>Versus</strong></span> <span class='ocrx_word' id='word_1_201' title='bbox 373 2367 499 2418; x_wconf 80' lang='lat' dir='ltr'><strong>trochaici</strong></span> <span class='ocrx_word' id='word_1_202' title='bbox 515 2370 662 2420; x_wconf 80' lang='lat' dir='ltr'><strong>tetrametri</strong></span> <span class='ocrx_word' id='word_1_203' title='bbox 680 2367 808 2420; x_wconf 77' lang='lat' dir='ltr'><strong>catalecti-</strong></span> 
     </span>
    </p>

    <p class='ocr_par' dir='ltr' id='par_1_8' title="bbox 327 2456 673 2523">
     <span class='ocr_line' id='line_1_23' title="bbox 327 2456 673 2523; baseline 0.009 -14"><span class='ocrx_word' id='word_1_204' title='bbox 327 2475 351 2509; x_wconf 83' lang='grc' dir='ltr'><strong>ι.</strong></span> <span class='ocrx_word' id='word_1_205' title='bbox 371 2456 480 2523; x_wconf 77' lang='lat' dir='ltr'><strong>vitium]</strong></span> <span class='ocrx_word' id='word_1_206' title='bbox 498 2457 586 2509; x_wconf 75' lang='lat' dir='ltr'><strong>vitum</strong></span> <span class='ocrx_word' id='word_1_207' title='bbox 601 2458 673 2512; x_wconf 81' lang='lat' dir='ltr'><strong>Thu.</strong></span> 
     </span>
    </p>

    <p class='ocr_par' dir='ltr' id='par_1_9' title="bbox 325 2543 769 2613">
     <span class='ocr_line' id='line_1_24' title="bbox 325 2543 769 2613; baseline 0.005 -17"><span class='ocrx_word' id='word_1_208' title='bbox 325 2544 352 2596; x_wconf 89' lang='grc'><strong>5.</strong></span> <span class='ocrx_word' id='word_1_209' title='bbox 370 2545 493 2613; x_wconf 79' lang='lat' dir='ltr'><strong>venulis]</strong></span> <span class='ocrx_word' id='word_1_210' title='bbox 510 2547 608 2600; x_wconf 77' lang='lat' dir='ltr'><strong>venilia</strong></span> <span class='ocrx_word' id='word_1_211' title='bbox 623 2564 671 2598; x_wconf 88' lang='lat' dir='ltr'><strong>ms.</strong></span> <span class='ocrx_word' id='word_1_212' title='bbox 689 2543 769 2599; x_wconf 75' lang='lat' dir='ltr'><strong>sam.</strong></span> 
     </span>
    </p>

    <p class='ocr_par' dir='ltr' id='par_1_10' title="bbox 325 2632 648 2701">
     <span class='ocr_line' id='line_1_25' title="bbox 325 2632 648 2701; baseline 0.003 -15"><span class='ocrx_word' id='word_1_213' title='bbox 325 2633 352 2686; x_wconf 82' lang='lat'><strong>4.</strong></span> <span class='ocrx_word' id='word_1_214' title='bbox 371 2632 464 2701; x_wconf 85' lang='lat' dir='ltr'><strong>ducat]</strong></span> <span class='ocrx_word' id='word_1_215' title='bbox 483 2635 559 2686; x_wconf 85' lang='lat' dir='ltr'><strong>dicat</strong></span> <span class='ocrx_word' id='word_1_216' title='bbox 577 2635 648 2690; x_wconf 82' lang='lat' dir='ltr'><strong>Thu.</strong></span> 
     </span>
    </p>
   </div>
   <div class='ocr_carea' id='block_1_8' title="bbox 371 2721 1366 2795">
    <p class='ocr_par' dir='ltr' id='par_1_11' title="bbox 371 2721 1366 2795">
     <span class='ocr_line' id='line_1_26' title="bbox 371 2721 1366 2795; baseline -0.002 -19"><span class='ocrx_word' id='word_1_217' title='bbox 371 2739 465 2776; x_wconf 74' lang='lat' dir='ltr'><strong>versus</strong></span> <span class='ocrx_word' id='word_1_218' title='bbox 485 2741 564 2779; x_wconf 84' lang='lat' dir='ltr'><strong>usum</strong></span> <span class='ocrx_word' id='word_1_219' title='bbox 584 2725 614 2778; x_wconf 87' lang='lat' dir='ltr'><strong>in</strong></span> <span class='ocrx_word' id='word_1_220' title='bbox 636 2723 764 2795; x_wconf 83' lang='lat' dir='ltr'><strong>alterum]</strong></span> <span class='ocrx_word' id='word_1_221' title='bbox 791 2724 874 2780; x_wconf 83' lang='lat' dir='ltr'><strong>Sslm.</strong></span> <span class='ocrx_word' id='word_1_222' title='bbox 896 2742 990 2780; x_wconf 78' lang='lat' dir='ltr'><strong>aereus</strong></span> <span class='ocrx_word' id='word_1_223' title='bbox 1018 2742 1098 2779; x_wconf 84' lang='lat' dir='ltr'><strong>usam</strong></span> <span class='ocrx_word' id='word_1_224' title='bbox 1120 2726 1151 2780; x_wconf 84' lang='lat' dir='ltr'><strong>in</strong></span> <span class='ocrx_word' id='word_1_225' title='bbox 1176 2723 1260 2776; x_wconf 83' lang='lat' dir='ltr'><strong>altero</strong></span> <span class='ocrx_word' id='word_1_226' title='bbox 1284 2721 1366 2775; x_wconf 83' lang='lat' dir='ltr'><strong>Thu.</strong></span> 
     </span>
    </p>
   </div>
   <div class='ocr_carea' id='block_1_9' title="bbox 148 2811 1368 2878">
    <p class='ocr_par' dir='ltr' id='par_1_12' title="bbox 148 2811 1368 2878">
     <span class='ocr_line' id='line_1_27' title="bbox 148 2811 1368 2878; baseline -0.005 -11"><span class='ocrx_word' id='word_1_227' title='bbox 148 2869 150 2874; x_wconf 69' lang='grc'>,</span> <span class='ocrx_word' id='word_1_228' title='bbox 256 2829 363 2867; x_wconf 76' lang='lat' dir='ltr'><strong>versum</strong></span> <span class='ocrx_word' id='word_1_229' title='bbox 386 2830 452 2865; x_wconf 85' lang='lat' dir='ltr'><strong>usus</strong></span> <span class='ocrx_word' id='word_1_230' title='bbox 473 2813 621 2866; x_wconf 78' lang='lat' dir='ltr'><strong>vinalteros</strong></span> <span class='ocrx_word' id='word_1_231' title='bbox 643 2831 692 2868; x_wconf 83' lang='lat' dir='ltr'><strong>ms·</strong></span> <span class='ocrx_word' id='word_1_232' title='bbox 711 2815 789 2870; x_wconf 77' lang='lat' dir='ltr'><strong>Solm.</strong></span> <span class='ocrx_word' id='word_1_233' title='bbox 813 2833 920 2876; x_wconf 70' lang='lat' dir='ltr'><strong>versam</strong></span> <span class='ocrx_word' id='word_1_234' title='bbox 936 2831 1001 2866; x_wconf 85' lang='lat' dir='ltr'><strong>usus</strong></span> <span class='ocrx_word' id='word_1_235' title='bbox 1018 2814 1049 2867; x_wconf 86' lang='lat' dir='ltr'><strong>in</strong></span> <span class='ocrx_word' id='word_1_236' title='bbox 1065 2814 1167 2867; x_wconf 82' lang='lat' dir='ltr'><strong>alteros</strong></span> <span class='ocrx_word' id='word_1_237' title='bbox 1181 2812 1274 2864; x_wconf 82' lang='lat' dir='ltr'><strong>Heius.</strong></span> <span class='ocrx_word' id='word_1_238' title='bbox 1299 2811 1368 2878; x_wconf 79' lang='lat' dir='ltr'><strong>(ad-</strong></span> 
     </span>
    </p>
   </div>
   <div class='ocr_carea' id='block_1_10' title="bbox 256 2901 1370 3062">
    <p class='ocr_par' dir='ltr' id='par_1_13' title="bbox 256 2901 1370 3062">
     <span class='ocr_line' id='line_1_28' title="bbox 256 2901 1370 2976; baseline 0 -24"><span class='ocrx_word' id='word_1_239' title='bbox 256 2919 346 2953; x_wconf 80' lang='lat' dir='ltr'><strong>versus</strong></span> <span class='ocrx_word' id='word_1_240' title='bbox 363 2911 483 2967; x_wconf 86' lang='lat' dir='ltr'><strong>metrum,</strong></span> <span class='ocrx_word' id='word_1_241' title='bbox 499 2911 620 2955; x_wconf 88' lang='lat' dir='ltr'><strong>monente</strong></span> <span class='ocrx_word' id='word_1_242' title='bbox 636 2901 669 2957; x_wconf 91' lang='grc' dir='ltr'><strong>Β.</strong></span> <span class='ocrx_word' id='word_1_243' title='bbox 684 2902 756 2958; x_wconf 83' lang='lat' dir='ltr'><strong>Add.</strong></span> <span class='ocrx_word' id='word_1_244' title='bbox 775 2905 810 2959; x_wconf 88' lang='lat' dir='ltr'><strong>T.</strong></span> <span class='ocrx_word' id='word_1_245' title='bbox 826 2906 851 2962; x_wconf 82' lang='grc' dir='ltr'><strong>Ι.</strong></span> <span class='ocrx_word' id='word_1_246' title='bbox 868 2923 895 2976; x_wconf 91' lang='lat' dir='ltr'><strong>p.</strong></span> <span class='ocrx_word' id='word_1_247' title='bbox 915 2903 997 2976; x_wconf 85' lang='lat'><strong>7¹9·)·</strong></span> <span class='ocrx_word' id='word_1_248' title='bbox 1031 2902 1101 2956; x_wconf 86' lang='lat' dir='ltr'><strong>illud</strong></span> <span class='ocrx_word' id='word_1_249' title='bbox 1123 2902 1218 2956; x_wconf 71' lang='lat' dir='ltr'><strong>versas</strong></span> <span class='ocrx_word' id='word_1_250' title='bbox 1236 2916 1315 2952; x_wconf 83' lang='lat' dir='ltr'><strong>usum</strong></span> <span class='ocrx_word' id='word_1_251' title='bbox 1334 2901 1370 2952; x_wconf 79' lang='lat' dir='ltr'><strong>in</strong></span> 
     </span>
     <span class='ocr_line' id='line_1_29' title="bbox 256 2990 726 3062; baseline 0.006 -19"><span class='ocrx_word' id='word_1_252' title='bbox 256 2991 373 3043; x_wconf 82' lang='lat' dir='ltr'><strong>alterum</strong></span> <span class='ocrx_word' id='word_1_253' title='bbox 389 2990 459 3044; x_wconf 80' lang='lat' dir='ltr'><strong>valet</strong></span> <span class='ocrx_word' id='word_1_254' title='bbox 473 2991 562 3062; x_wconf 90' lang='lat' dir='ltr'><strong>liquor</strong></span> <span class='ocrx_word' id='word_1_255' title='bbox 579 3001 726 3062; x_wconf 77' lang='lat' dir='ltr'><strong>corruptus.</strong></span> 
     </span>
    </p>
   </div>
   <div class='ocr_carea' id='block_1_11' title="bbox 322 3122 851 3296">
    <p class='ocr_par' dir='ltr' id='par_1_14' title="bbox 322 3122 851 3296">
     <span class='ocr_line' id='line_1_30' title="bbox 766 3122 851 3200; baseline -0.082 0"><span class='ocrx_word' id='word_1_256' title='bbox 766 3122 851 3200; x_wconf 79' lang='grc'><strong>214.</strong></span> 
     </span>
     <span class='ocr_line' id='line_1_31' title="bbox 322 3240 548 3296; baseline 0.018 -4"><span class='ocrx_word' id='word_1_257' title='bbox 322 3240 403 3292; x_wconf 73' lang='lat' dir='ltr'><strong>usu..</strong></span> <span class='ocrx_word' id='word_1_258' title='bbox 421 3240 468 3292; x_wconf 85' lang='grc' dir='ltr'><strong>ιιι.</strong></span> <span class='ocrx_word' id='word_1_259' title='bbox 489 3241 548 3296; x_wconf 80' lang='lat'><strong>214.</strong></span> 
     </span>
    </p>
   </div>
   <div class='ocr_carea' id='block_1_12' title="bbox 242 3326 1374 3488">
    <p class='ocr_par' dir='ltr' id='par_1_15' title="bbox 242 3326 1374 3488">
     <span class='ocr_line' id='line_1_32' title="bbox 242 3326 1374 3404; baseline 0.002 -26"><span class='ocrx_word' id='word_1_260' title='bbox 242 3375 243 3378; x_wconf 75' lang='grc'>,</span> <span class='ocrx_word' id='word_1_261' title='bbox 324 3344 349 3379; x_wconf 90' lang='grc' dir='ltr'><strong>ι.</strong></span> <span class='ocrx_word' id='word_1_262' title='bbox 366 3332 452 3381; x_wconf 83' lang='lat' dir='ltr'><strong>omnis</strong></span> <span class='ocrx_word' id='word_1_263' title='bbox 470 3330 577 3399; x_wconf 85' lang='lat' dir='ltr'><strong>mulier]</strong></span> <span class='ocrx_word' id='word_1_264' title='bbox 603 3332 689 3385; x_wconf 84' lang='lat' dir='ltr'><strong>amnis</strong></span> <span class='ocrx_word' id='word_1_265' title='bbox 706 3334 803 3388; x_wconf 78' lang='lat' dir='ltr'><strong>mulier</strong></span> <span class='ocrx_word' id='word_1_266' title='bbox 818 3334 894 3386; x_wconf 86' lang='lat' dir='ltr'><strong>intra</strong></span> <span class='ocrx_word' id='word_1_267' title='bbox 911 3343 1011 3404; x_wconf 79' lang='lat' dir='ltr'><strong>pectus</strong></span> <span class='ocrx_word' id='word_1_268' title='bbox 1034 3331 1105 3386; x_wconf 83' lang='lat' dir='ltr'><strong>celat</strong></span> <span class='ocrx_word' id='word_1_269' title='bbox 1129 3329 1207 3382; x_wconf 69' lang='lat' dir='ltr'><strong>utem</strong></span> <span class='ocrx_word' id='word_1_270' title='bbox 1223 3326 1374 3396; x_wconf 82' lang='lat' dir='ltr'><strong>pestilens</strong></span> 
     </span>
     <span class='ocr_line' id='line_1_33' title="bbox 253 3415 1374 3488; baseline -0.001 -19"><span class='ocrx_word' id='word_1_271' title='bbox 253 3415 382 3469; x_wconf 84' lang='lat' dir='ltr'><strong>Bouhier.</strong></span> <span class='ocrx_word' id='word_1_272' title='bbox 399 3418 432 3469; x_wconf 87' lang='lat' dir='ltr'><strong>ad</strong></span> <span class='ocrx_word' id='word_1_273' title='bbox 448 3417 574 3486; x_wconf 78' lang='lat' dir='ltr'><strong>Pervigil·</strong></span> <span class='ocrx_word' id='word_1_274' title='bbox 593 3419 662 3476; x_wconf 80' lang='lat' dir='ltr'><strong>Ven-</strong></span> <span class='ocrx_word' id='word_1_275' title='bbox 680 3419 859 3488; x_wconf 76' lang='lat' dir='ltr'><strong>51.,seuvs1</strong></span> <span class='ocrx_word' id='word_1_276' title='bbox 878 3422 916 3474; x_wconf 87' lang='lat' dir='ltr'><strong>sic</strong></span> <span class='ocrx_word' id='word_1_277' title='bbox 933 3439 1037 3474; x_wconf 83' lang='lat' dir='ltr'><strong>versum</strong></span> <span class='ocrx_word' id='word_1_278' title='bbox 1052 3421 1119 3472; x_wconf 87' lang='lat' dir='ltr'><strong>hunc</strong></span> <span class='ocrx_word' id='word_1_279' title='bbox 1134 3415 1301 3468; x_wconf 89' lang='lat' dir='ltr'><strong>correctione</strong></span> <span class='ocrx_word' id='word_1_280' title='bbox 1322 3416 1374 3468; x_wconf 80' lang='lat' dir='ltr'><strong>la-</strong></span> 
     </span>
    </p>
   </div>
   <div class='ocr_carea' id='block_1_13' title="bbox 251 3503 1374 3759">
    <p class='ocr_par' dir='ltr' id='par_1_16' title="bbox 251 3503 1374 3759">
     <span class='ocr_line' id='line_1_34' title="bbox 253 3503 1374 3581; baseline -0.004 -23"><span class='ocrx_word' id='word_1_281' title='bbox 253 3508 346 3558; x_wconf 83' lang='lat' dir='ltr'><strong>borare</strong></span> <span class='ocrx_word' id='word_1_282' title='bbox 371 3516 457 3559; x_wconf 83' lang='lat' dir='ltr'><strong>censet</strong></span> <span class='ocrx_word' id='word_1_283' title='bbox 483 3509 642 3564; x_wconf 81' lang='lat' dir='ltr'><strong>Schraderus</strong></span> <span class='ocrx_word' id='word_1_284' title='bbox 664 3511 738 3564; x_wconf 82' lang='lat' dir='ltr'><strong>Add.</strong></span> <span class='ocrx_word' id='word_1_285' title='bbox 762 3512 796 3564; x_wconf 90' lang='grc' dir='ltr'><strong>Τ.</strong></span> <span class='ocrx_word' id='word_1_286' title='bbox 823 3511 846 3562; x_wconf 93' lang='grc' dir='ltr'><strong>Ι.</strong></span> <span class='ocrx_word' id='word_1_287' title='bbox 865 3528 892 3579; x_wconf 84' lang='lat' dir='ltr'><strong>p.</strong></span> <span class='ocrx_word' id='word_1_288' title='bbox 912 3511 971 3581; x_wconf 77' lang='grc'><strong>745.</strong></span> <span class='ocrx_word' id='word_1_289' title='bbox 995 3539 1031 3550; x_wconf 89' lang='lat'>-</span> <span class='ocrx_word' id='word_1_290' title='bbox 1053 3505 1137 3560; x_wconf 84' lang='lat' dir='ltr'><strong>Omni&#39;</strong></span> <span class='ocrx_word' id='word_1_291' title='bbox 1163 3503 1262 3556; x_wconf 85' lang='lat' dir='ltr'><strong>mulier</strong></span> <span class='ocrx_word' id='word_1_292' title='bbox 1284 3503 1374 3556; x_wconf 85' lang='lat' dir='ltr'><strong>intra</strong></span> 
     </span>
     <span class='ocr_line' id='line_1_35' title="bbox 251 3592 1374 3669; baseline 0 -23"><span class='ocrx_word' id='word_1_293' title='bbox 251 3607 346 3665; x_wconf 81' lang='lat' dir='ltr'><strong>pectas</strong></span> <span class='ocrx_word' id='word_1_294' title='bbox 362 3597 433 3648; x_wconf 72' lang='lat' dir='ltr'><strong>viru’</strong></span> <span class='ocrx_word' id='word_1_295' title='bbox 458 3597 530 3648; x_wconf 85' lang='lat' dir='ltr'><strong>celat</strong></span> <span class='ocrx_word' id='word_1_296' title='bbox 549 3598 680 3666; x_wconf 79' lang='lat' dir='ltr'><strong>pestilens</strong></span> <span class='ocrx_word' id='word_1_297' title='bbox 701 3599 806 3652; x_wconf 82' lang='lat' dir='ltr'><strong>Eldick.</strong></span> <span class='ocrx_word' id='word_1_298' title='bbox 838 3600 915 3669; x_wconf 89' lang='lat' dir='ltr'><strong>Spec.</strong></span> <span class='ocrx_word' id='word_1_299' title='bbox 940 3601 1042 3668; x_wconf 87' lang='lat' dir='ltr'><strong>Suspic.</strong></span> <span class='ocrx_word' id='word_1_300' title='bbox 1065 3614 1092 3665; x_wconf 88' lang='lat' dir='ltr'><strong>p.</strong></span> <span class='ocrx_word' id='word_1_301' title='bbox 1113 3610 1174 3662; x_wconf 82' lang='lat'><strong>217·</strong></span> <span class='ocrx_word' id='word_1_302' title='bbox 1198 3621 1235 3632; x_wconf 86' lang='lat'>-</span> <span class='ocrx_word' id='word_1_303' title='bbox 1256 3592 1374 3644; x_wconf 78' lang='lat' dir='ltr'><strong>Mulier</strong></span> 
     </span>
     <span class='ocr_line' id='line_1_36' title="bbox 253 3681 1331 3759; baseline 0.004 -23"><span class='ocrx_word' id='word_1_304' title='bbox 253 3685 329 3737; x_wconf 83' lang='lat' dir='ltr'><strong>iutra</strong></span> <span class='ocrx_word' id='word_1_305' title='bbox 341 3696 438 3756; x_wconf 83' lang='lat' dir='ltr'><strong>pectus</strong></span> <span class='ocrx_word' id='word_1_306' title='bbox 455 3687 541 3738; x_wconf 82' lang='lat' dir='ltr'><strong>omnis</strong></span> <span class='ocrx_word' id='word_1_307' title='bbox 558 3687 630 3740; x_wconf 85' lang='lat' dir='ltr'><strong>celat</strong></span> <span class='ocrx_word' id='word_1_308' title='bbox 646 3689 722 3742; x_wconf 69' lang='lat' dir='ltr'><strong>uicus</strong></span> <span class='ocrx_word' id='word_1_309' title='bbox 736 3688 869 3759; x_wconf 83' lang='lat' dir='ltr'><strong>pestilens</strong></span> <span class='ocrx_word' id='word_1_310' title='bbox 885 3689 1025 3742; x_wconf 88' lang='lat' dir='ltr'><strong>Piersonus</strong></span> <span class='ocrx_word' id='word_1_311' title='bbox 1037 3685 1108 3740; x_wconf 83' lang='lat' dir='ltr'><strong>Add.</strong></span> <span class='ocrx_word' id='word_1_312' title='bbox 1125 3681 1160 3740; x_wconf 91' lang='lat' dir='ltr'><strong>T.</strong></span> <span class='ocrx_word' id='word_1_313' title='bbox 1167 3681 1203 3737; x_wconf 91' lang='lat'><strong>11.</strong></span> <span class='ocrx_word' id='word_1_314' title='bbox 1220 3699 1249 3750; x_wconf 76' lang='lat' dir='ltr'><strong>p·</strong></span> <span class='ocrx_word' id='word_1_315' title='bbox 1263 3682 1331 3750; x_wconf 78' lang='lat'><strong>739·</strong></span> 
     </span>
    </p>
   </div>
   <div class='ocr_carea' id='block_1_14' title="bbox 251 3966 1382 4398">
    <p class='ocr_par' dir='ltr' id='par_1_17' title="bbox 318 3966 505 4036">
     <span class='ocr_line' id='line_1_37' title="bbox 318 3966 505 4036; baseline 0 -16"><span class='ocrx_word' id='word_1_316' title='bbox 318 3967 401 4020; x_wconf 87' lang='lat' dir='ltr'><strong>Anth.</strong></span> <span class='ocrx_word' id='word_1_317' title='bbox 416 3966 441 4019; x_wconf 89' lang='lat'><strong>1.</strong></span> <span class='ocrx_word' id='word_1_318' title='bbox 464 3983 505 4036; x_wconf 87' lang='lat'><strong>17.</strong></span> 
     </span>
    </p>

    <p class='ocr_par' dir='ltr' id='par_1_18' title="bbox 251 4057 1382 4398">
     <span class='ocr_line' id='line_1_38' title="bbox 317 4057 1378 4133; baseline -0.003 -23"><span class='ocrx_word' id='word_1_319' title='bbox 317 4058 344 4110; x_wconf 85' lang='grc'><strong>5.</strong></span> <span class='ocrx_word' id='word_1_320' title='bbox 363 4059 420 4110; x_wconf 79' lang='lat' dir='ltr'><strong>vite</strong></span> <span class='ocrx_word' id='word_1_321' title='bbox 437 4066 464 4108; x_wconf 89' lang='lat' dir='ltr'><strong>et</strong></span> <span class='ocrx_word' id='word_1_322' title='bbox 480 4058 559 4110; x_wconf 86' lang='lat' dir='ltr'><strong>radio</strong></span> <span class='ocrx_word' id='word_1_323' title='bbox 576 4060 738 4132; x_wconf 81' lang='lat' dir='ltr'><strong>conferunt]</strong></span> <span class='ocrx_word' id='word_1_324' title='bbox 755 4062 862 4116; x_wconf 72' lang='lat' dir='ltr'><strong>sumas.</strong></span> <span class='ocrx_word' id='word_1_325' title='bbox 878 4064 911 4116; x_wconf 84' lang='lat' dir='ltr'><strong>ud</strong></span> <span class='ocrx_word' id='word_1_326' title='bbox 929 4061 1056 4133; x_wconf 78' lang='lat' dir='ltr'><strong>Spartiaui</strong></span> <span class='ocrx_word' id='word_1_327' title='bbox 1072 4062 1201 4118; x_wconf 74' lang='lat' dir='ltr'><strong>Hadrian.</strong></span> <span class='ocrx_word' id='word_1_328' title='bbox 1220 4076 1244 4112; x_wconf 86' lang='lat' dir='ltr'><strong>c.</strong></span> <span class='ocrx_word' id='word_1_329' title='bbox 1264 4057 1310 4108; x_wconf 82' lang='lat'><strong>16.</strong></span> <span class='ocrx_word' id='word_1_330' title='bbox 1333 4084 1378 4096; x_wconf 89' lang='lat'>—</span> 
     </span>
     <span class='ocr_line' id='line_1_39' title="bbox 251 4145 1380 4206; baseline -0.003 -7"><span class='ocrx_word' id='word_1_331' title='bbox 251 4148 326 4199; x_wconf 79' lang='lat' dir='ltr'><strong>vitae</strong></span> <span class='ocrx_word' id='word_1_332' title='bbox 349 4156 377 4198; x_wconf 90' lang='lat' dir='ltr'><strong>et</strong></span> <span class='ocrx_word' id='word_1_333' title='bbox 402 4145 482 4198; x_wconf 83' lang='lat' dir='ltr'><strong>radio</strong></span> <span class='ocrx_word' id='word_1_334' title='bbox 499 4160 642 4202; x_wconf 85' lang='lat' dir='ltr'><strong>conserunt</strong></span> <span class='ocrx_word' id='word_1_335' title='bbox 664 4170 712 4203; x_wconf 84' lang='lat' dir='ltr'><strong>ms.</strong></span> <span class='ocrx_word' id='word_1_336' title='bbox 733 4151 810 4205; x_wconf 83' lang='lat' dir='ltr'><strong>Salar.</strong></span> <span class='ocrx_word' id='word_1_337' title='bbox 828 4151 905 4205; x_wconf 80' lang='lat' dir='ltr'><strong>ambo</strong></span> <span class='ocrx_word' id='word_1_338' title='bbox 929 4154 962 4206; x_wconf 84' lang='lat' dir='ltr'><strong>de</strong></span> <span class='ocrx_word' id='word_1_339' title='bbox 985 4155 1066 4206; x_wconf 87' lang='lat' dir='ltr'><strong>comis</strong></span> <span class='ocrx_word' id='word_1_340' title='bbox 1090 4151 1206 4202; x_wconf 77' lang='lat' dir='ltr'><strong>calorem</strong></span> <span class='ocrx_word' id='word_1_341' title='bbox 1229 4157 1257 4198; x_wconf 86' lang='lat' dir='ltr'><strong>et</strong></span> <span class='ocrx_word' id='word_1_342' title='bbox 1280 4145 1380 4197; x_wconf 84' lang='lat' dir='ltr'><strong>ambo</strong></span> 
     </span>
     <span class='ocr_line' id='line_1_40' title="bbox 252 4229 1382 4304; baseline 0.003 -21"><span class='ocrx_word' id='word_1_343' title='bbox 252 4237 329 4287; x_wconf 88' lang='lat' dir='ltr'><strong>radio</strong></span> <span class='ocrx_word' id='word_1_344' title='bbox 347 4241 491 4287; x_wconf 83' lang='lat' dir='ltr'><strong>conserunt</strong></span> <span class='ocrx_word' id='word_1_345' title='bbox 507 4229 580 4283; x_wconf 86' lang='lat' dir='ltr'><strong>Thu.</strong></span> <span class='ocrx_word' id='word_1_346' title='bbox 600 4234 715 4290; x_wconf 78' lang='lat' dir='ltr'><strong>caiuma</strong></span> <span class='ocrx_word' id='word_1_347' title='bbox 739 4250 767 4292; x_wconf 86' lang='lat' dir='ltr'><strong>et</strong></span> <span class='ocrx_word' id='word_1_348' title='bbox 785 4240 863 4293; x_wconf 86' lang='lat' dir='ltr'><strong>amba</strong></span> <span class='ocrx_word' id='word_1_349' title='bbox 887 4242 980 4292; x_wconf 83' lang='lat' dir='ltr'><strong>radios</strong></span> <span class='ocrx_word' id='word_1_350' title='bbox 1002 4247 1144 4292; x_wconf 80' lang='lat' dir='ltr'><strong>conserunt</strong></span> <span class='ocrx_word' id='word_1_351' title='bbox 1159 4236 1250 4304; x_wconf 70' lang='lat' dir='ltr'><strong>urigo.</strong></span> <span class='ocrx_word' id='word_1_352' title='bbox 1279 4232 1382 4286; x_wconf 82' lang='lat' dir='ltr'><strong>ambo</strong></span> 
     </span>
     <span class='ocr_line' id='line_1_41' title="bbox 251 4320 1381 4398; baseline 0.003 -27"><span class='ocrx_word' id='word_1_353' title='bbox 251 4320 283 4370; x_wconf 86' lang='lat' dir='ltr'><strong>de</strong></span> <span class='ocrx_word' id='word_1_354' title='bbox 298 4323 376 4374; x_wconf 86' lang='lat' dir='ltr'><strong>donis</strong></span> <span class='ocrx_word' id='word_1_355' title='bbox 394 4323 517 4388; x_wconf 86' lang='lat' dir='ltr'><strong>calorem,</strong></span> <span class='ocrx_word' id='word_1_356' title='bbox 535 4320 600 4387; x_wconf 77' lang='lat' dir='ltr'><strong>vite,</strong></span> <span class='ocrx_word' id='word_1_357' title='bbox 616 4326 692 4378; x_wconf 83' lang='lat' dir='ltr'><strong>radio</strong></span> <span class='ocrx_word' id='word_1_358' title='bbox 711 4326 855 4398; x_wconf 74' lang='lat' dir='ltr'><strong>conferunt</strong></span> <span class='ocrx_word' id='word_1_359' title='bbox 870 4327 1041 4389; x_wconf 81' lang='lat' dir='ltr'><strong>Schraderus,</strong></span> <span class='ocrx_word' id='word_1_360' title='bbox 1059 4327 1118 4394; x_wconf 85' lang='lat' dir='ltr'><strong>quia</strong></span> <span class='ocrx_word' id='word_1_361' title='bbox 1133 4342 1225 4380; x_wconf 84' lang='lat' dir='ltr'><strong>versus</strong></span> <span class='ocrx_word' id='word_1_362' title='bbox 1235 4321 1381 4376; x_wconf 76' lang='lat' dir='ltr'><strong>trochai-</strong></span> 
     </span>
    </p>
   </div>
   <div class='ocr_carea' id='block_1_15' title="bbox 0 0 1476 4836">
    <p class='ocr_par' dir='ltr' id='par_1_19' title="bbox 0 0 1476 4836">
     <span class='ocr_line' id='line_1_42' title="bbox 0 0 1476 4836; baseline 0 2"><span class='ocrx_word' id='word_1_363' title='bbox 0 0 1476 4836; x_wconf 95' lang='lat' dir='ltr'><strong> </strong></span> 
     </span>
    </p>
   </div>
  </div>
 </body>
</html>
