3002 4816
609 261 813 364 ‚ffl-

658 465 743 540 7os.
961 428 980 480 s

346 623 349 630 Δ
535 549 650 640 Scipio
671 548 876 638 Africanus.

239 657 477 723 Luxuriantem
505 655 615 721 anirno
638 655 783 720 Poenum
804 653 955 740 ferroque
974 659 1123 716 ruentem

236 762 336 827 Urbis
357 763 393 827 in
413 759 580 828 excidium
600 760 659 827 vix
677 759 780 849 puber
803 759 842 824 ad
867 779 957 824 arma
977 756 1098 824 vocatis

236 865 385 931 Patribus
407 865 521 930 edocui
541 876 625 930 certa
651 863 831 952 superarier
852 875 919 928 arte

236 969 334 1036 Posse
361 970 453 1041 olim.
495 968 639 1033 Invictas
662 987 721 1055 per
740 989 799 1032 nos
821 965 1019 1053 chartaginis
1040 988 1111 1030 arce

241 1076 411 1140 Insolitum
430 1073 559 1138 subiere
578 1072 700 1160 iugum.
743 1069 888 1158 Victoria
907 1084 1015 1137 nostra
1035 1085 1085 1137 est

240 1183 357 1244 Hanno
379 1190 409 1241 et
428 1177 538 1242 Iberus
560 1189 653 1243 atrox
673 1176 894 1264 coniuratique
912 1197 1002 1242 arma
1023 1176 1191 1265 Syphacis.

238 1285 386 1351 Maxima
407 1297 592 1386 cunctarum
612 1280 746 1348 victoria
767 1282 851 1348 victa
872 1283 1035 1372 voluptas!

665 1427 751 1506 724

534 1517 651 1610 Scipio
672 1515 879 1604 Africanus.

235 1634 373 1699 Devicta
395 1633 577 1700 Hannibale
596 1645 627 1697 et
650 1647 738 1715 capta
760 1630 951 1718 Carthagine
972 1643 1003 1696 et
1022 1645 1116 1698 aucto

276 1740 420 1829 Imperio
439 1740 501 1802 hoc
519 1738 641 1802 cineres
663 1758 832 1800 marmore
852 1747 948 1800 tectus
969 1735 1077 1820 habes,
1099 1801 1100 1808 ,

234 1845 295 1908 Cui
316 1868 383 1910 non
405 1843 555 1930 Europa,
575 1864 644 1919 non
663 1839 780 1906 obstitit
801 1837 917 1904 Africa
938 1841 1112 1926 quondam,

278 1949 429 2036 Respice,
450 1971 501 2013 res
522 1946 700 2012 hominum*
716 1967 813 2032 quam
835 1943 943 2028 brevis
962 1968 1043 2012 uma
1063 1947 1201 2036 premit!

327 2181 387 2249 Co.
408 2180 584 2248 Uomelius
604 2092 868 2269 Cadd'i‘Scipio
888 2177 1085 2269 Hispanus.

130 2356 139 2376 ,
235 2296 377 2363 Virtutes
398 2298 523 2385 generis
544 2296 638 2364 micis
658 2296 804 2362 moribsu
833 2296 1043 2363 accumulavi.

274 2404 468 2490 Progeniem
487 2404 595 2490 genui.
644 2405 738 2471 Facta
759 2401 858 2491 patris
878 2401 984 2492 petiei.

107 2579 114 2596 ⁸
230 2509 399 2575 Malorum
420 2511 550 2600 optenui
569 2509 709 2576 laudem.
730 2521 764 2572 ut
784 2509 852 2574 sibe
872 2529 928 2573 me
940 2529 1015 2572 ¹esse
1034 2518 1177 2574 creatum

274 2617 455 2684 Laetantur.
499 2614 642 2705 Stirpem
665 2613 847 2682 nobilitavit
873 2613 991 2681 honor.

661 2757 746 2833 726·

603 2844 791 2914 Asdrubal.

236 2947 400 3013 Asdrubal
422 2949 475 3015 hic
495 2949 571 3015 situs
593 2961 652 3015 est.
693 2951 760 3015 Hic
780 2947 896 3015 Africa
916 2961 980 3015 tota
998 2949 1192 3038 triumphos,

275 3053 317 3117 Et
336 3076 408 3142 spes
431 3053 590 3138 Carthago
613 3052 757 3118 condidit
776 3055 841 3134 alta
858 3077 941 3120 suas.

235 3159 325 3224 Mars
346 3157 446 3244 gemit
467 3158 505 3222 ad
529 3157 689 3222 tumulum
696 3180 708 3238 3
741 3160 865 3223 tumulo
893 3157 1040 3222 decorata
1058 3155 1196 3247 superbo

275 3262 368 3330 Italia
389 3260 520 3329 extincti
541 3261 671 3351 suspicit
695 3285 765 3328 ossa
785 3261 884 3328 ducis.

232 3372 286 3436 Tu
301 3391 434 3456 quoque,
448 3367 566 3449 Roma,
590 3367 695 3452 doles3
715 3390 803 3452 nam,
821 3367 900 3433 dum
914 3365 1000 3432 eadit
1011 3367 1135 3434 aemula
1145 3365 1261 3452 virtus,

273 3478 314 3542 In
335 3487 366 3542 te
386 3473 558 3558 converti„
570 3497 650 3562 quae
669 3474 769 3563 geris,
790 3496 881 3541 arma
901 3471 1004 3540 vides.

662 3625 748 3700 727·

562 3705 674 3778 Gaius
694 3711 844 3779 Marius.

139 3839 147 3848 ·
176 3811 178 3860 ἶ
230 3817 273 3882 Et
294 3837 392 3902 genus
413 3825 444 3879 et
463 3805 586 3880 nomen
605 3813 712 3880 merui
732 3814 854 3880 virtute
874 3811 987 3898 feroci,
1068 3867 1070 3872 .

230 3919 377 4008 Rusticus
399 3915 543 4008 Arpinas
564 3919 725 3985 bellorum
745 3921 909 3996 maximus
931 3930 1051 3985 auctor.

230 4025 341 4094 Effera
366 4035 439 4112 post
459 4024 622 4089 Numidae
643 4047 740 4111 quam
767 4023 923 4113 fregimus
944 4047 1035 4092 arma
1056 4021 1237 4111 Iugurthae,

230 4129 396 4198 Cimbrica
416 4129 596 4216 praeclaros
617 4128 795 4214 geminavit
814 4155 935 4221 pompa
955 4129 1148 4220 triumphos.

230 4237 336 4322 Exegi
357 4235 454 4302 civile
474 4233 561 4299 nefas
583 4233 733 4300 civilibus
755 4236 866 4320 armis,

229 4341 271 4407 Et
294 4365 349 4408 me
371 4339 493 4422 Sullani
514 4337 677 4428 fregerunt
701 4363 791 4407 arma
813 4339 943 4408 furoris.
