2992 4826
649 216 697 290 55

202 407 369 476 Interdum
388 405 542 476 subducta
563 404 637 473 foro
658 405 711 472 det
731 404 850 494 pagina
869 423 1010 486 3111311111,

114 526 160 588 10
201 515 244 580 Et
265 514 386 584 cortina
405 526 496 580 sonet
516 512 612 580 celeri
634 511 778 578 distincta
799 521 916 576 11133111.

201 621 289 688 Dent
309 621 414 709 epulas
438 633 468 686 et
487 617 572 684 bella
588 617 671 684 truci
691 629 870 682 memorate
891 638 1078 708 3311313,Ι

203 725 408 812 Grandiaque
429 722 582 790 indomiti
602 719 769 788 Ciceronis
790 719 891 786 verba
911 704 1085 786 minentur

201 830 263 896 His
284 831 431 896 animum
452 829 600 916 succinge
620 825 730 908 bonis,
751 824 797 889 sic
816 822 952 892 flumine
972 826 1063 914 largo

202 935 319 1002 Plenus
341 934 453 1002 Pierio
475 930 630 1001 defundes
651 941 780 1021 pectore
800 928 909 998 verba.

504 1181 665 1256 Petronii
686 1183 835 1256 Arbitri.

201 1303 375 1372 Contemni
394 1314 487 1392 turpe
508 1315 572 1388 est,
598 1303 703 1393 legem
725 1305 847 1370 donare
869 1302 1054 1392 superbum.

243 1411 317 1476 Hoc
337 1430 427 1493 amo,
457 1408 541 1496 quod
563 1431 696 1498 possum
718 1432 779 1496 qua
799 1409 876 1495 libet
894 1411 943 1476 ire
965 1411 1028 1477 via.
1062 1457 1066 1474 .

201 1515 290 1582 Nam
309 1536 385 1580 sane
405 1525 436 1580 et
457 1514 583 1603 sapiens
609 1513 787 1580 cantemus
808 1514 910 1601 iurgia
930 1515 1036 1599 nectit,

243 1621 286 1688 Et
310 1619 364 1706 qui
383 1641 452 1686 non
471 1618 593 1706 iugulat
612 1619 717 1687 victor
738 1618 828 1686 311113
846 1619 937 1686 solet.

630 1766 715 1839 157·

507 1872 669 1941 Petronii
687 1869 839 1939 Arbitri.

280 1989 360 2057 Ales
381 1988 545 2064 Phasiacis
562 1986 658 2076 petita
678 1983 809 2052 Colchis

280 2093 388 2180 Atque
402 2089 509 2160 Afrae
529 2092 676 2158 volucres
696 2090 824 2179 placent
843 2089 959 2180 palato,
992 2105 999 2122 ·

281 2197 378 2284 Quod
398 2219 466 2262 non
485 2207 558 2262 sunt
578 2194 702 2281 faciles,
722 2207 753 2262 at
773 2194 861 2265 albus
882 2219 974 2262 311331·

278 2305 322 2370 Ε1
340 2303 433 2393 pictis
454 2326 528 2370 anas
550 2313 672 2368 enotata
689 2299 803 2390 pennis

278 2408 445 2475 Plebeium
464 2408 555 2499 sapit.
597 2405 731 2472 Ultimis
753 2405 792 2472 ab
813 2407 881 2474 oris

277 2509 449 2579 Adtractus
469 2535 592 2598 scarus,
616 2525 707 2599 atque
728 2524 812 2579 31313
826 2512 934 2599 Syrtis

280 2617 316 2682 si
337 2618 413 2704 quid
432 2617 598 2706 naufragio
619 2618 715 2705 dedit,
734 2617 898 2708 probatur.

279 2722 401 2788 Mullus
423 2722 490 2788 13111
509 2722 618 2809 gravis
639 2737 695 2797 est.
737 2723 858 2792 Amica
878 2725 980 2792 vincit

279 2829 440 2895 Uxorem.
481 2825 569 2892 Rosa
588 2827 776 2896 cinnamum
796 2843 937 2896 veretur.

12 2925 14 3022 l
111 2945 167 3029 10.
278 2931 444 3020 Quidquid
465 2933 642 3020 quaeritur,
668 2934 830 3022 optimum
849 2935 987 3000 videtur.

634 3074 717 3150 158.

508 3182 670 3251 Petronii
688 3179 836 3250 Arbitri.

202 3299 273 3364 Nec
293 3297 374 3364 bibit
392 3297 475 3364 inter
497 3322 607 3387 aquas,
635 3321 734 3388 poma
755 3312 807 3366 aut
827 3300 997 3389 pendentia
1018 3301 1119 3390 carpit

241 3404 397 3471 Tantalus
414 3403 545 3491 infelix,
566 3427 663 3492 quem
683 3428 739 3470 sua
758 3416 834 3470 vota
855 3419 1017 3496 premunt.

152 3503 159 3526 '
201 3509 321 3596 Divitis
342 3513 420 3578 haec
440 3510 551 3598 magni
574 3508 669 3574 facies
691 3510 764 3592 erit,
786 3512 897 3578 omnia
916 3513 977 3578 1313

246 3615 312 3701 Qui
331 3629 432 3702 tenet,
460 3628 490 3682 et
509 3615 593 3681 sicco
615 3617 785 3704 concoquit
806 3643 864 3685 ore
884 3617 1018 3686 famem.

503 3872 664 3941 Petronii
684 3872 834 3942 Arbitri.

203 3985 292 4071 Quid
311 3983 427 4053 faciant
445 3985 545 4073 leges,
565 3989 621 4054 ubi
640 3991 707 4058 sola
734 3991 869 4081 pecuda
888 4004 1008 4079 regnat,

244 4089 313 4156 Aut
330 4088 386 4154 ubi
404 4105 570 4181 paupertas
591 4093 721 4160 vincere
744 4097 832 4161 nulla
853 4099 976 4186 potest?

204 4195 287 4286 lpsi,
313 4195 369 4283 qui
389 4195 514 4284 Cynica
534 4199 701 4267 traducunt
721 4214 868 4292 tempora
889 4225 997 4284 coena,

245 4303 499 4392 Nonnumquam
521 4307 665 4377 nunmis
686 4307 828 4378 vendere
848 4308 948 4378 rerba
969 4306 1083 4374 solent.
