3000 4820
687 177 891 284 452-

743 379 830 452 384.

569 475 571 480 ’
608 481 743 554 Versus
763 487 970 558 balneorum·

322 617 361 694 In
381 632 483 702 parvo
509 629 639 708 magnas
660 608 734 678 fecit
754 635 868 680 marsus
888 615 986 682 ardua
1008 613 1110 699 Baias,

322 717 472 787 Culmina
492 714 640 780 distendit
669 717 774 783 niveis
794 740 944 808 suspensa
964 718 1132 802 columnis,
1203 785 1210 790 ,
1244 723 1249 744 ’
1331 709 1337 720 ’

324 821 483 890 Ourvsvu
501 818 637 885 cameris
659 819 751 887 vario
771 843 832 908 pro
851 822 1009 890 schemate
1029 824 1173 911 conchas,

323 929 490 994 Marmora
509 923 711 1012 resplendent
729 924 831 990 solida
851 949 1004 1016 compage
1025 926 1149 1016 decora,
1225 1005 1228 1016 y

323 1031 458 1097 Unitum
478 1029 609 1094 mentita
629 1027 723 1094 decus
743 1053 866 1096 sarsura
884 1033 1040 1119 magistri.

321 1135 493 1200 Murmure
510 1134 678 1200 raucisono
700 1132 883 1202 fornacibus
909 1151 1024 1205 aestuat
1043 1141 1151 1225 ardor,

322 1237 363 1306 In
381 1239 522 1310 flammis
543 1237 749 1308 dominantur
769 1263 882 1328 aquae,
900 1240 977 1310 furit
996 1244 1080 1330 ignis
1101 1267 1262 1316 amoenus.
1374 1255 1378 1262 '

324 1345 390 1412 Stat
408 1355 493 1411 tutus
513 1343 615 1408 lautor
642 1345 745 1410 multo
769 1346 977 1416 circumdatus
998 1347 1072 1434 igne

322 1449 478 1514 innocuas
497 1448 581 1516 inter
600 1448 747 1516 flammas
768 1448 935 1536 (mirabile
956 1451 1097 1540 dictul),

240 1566 283 1628 ιο
322 1553 450 1639 Ignibus
471 1565 506 1620 ut
524 1553 624 1641 possit
643 1553 789 1620 fervores
809 1555 941 1620 vincere
960 1556 1048 1628 solis.

322 1657 402 1726 lude
420 1657 497 1746 petit
513 1658 619 1724 latices
640 1658 764 1747 glaciali
791 1657 879 1723 fonte
899 1659 1049 1726 fluentes:

322 1763 410 1832 Hinc
431 1764 532 1848 calor,
553 1763 640 1830 'iude
667 1763 758 1827 nives
778 1777 928 1851 ceparum
948 1787 1006 1853 per
1024 1768 1175 1834 membra
1192 1771 1336 1843 sulutem.

322 1869 513 1938 Discurrunt
532 1867 726 1956 Nymphae,
753 1866 889 1956 piscinas
907 1869 1042 1940 flumina
1062 1874 1232 1961 complent,

323 1972 434 2042 Vitrea
454 1971 606 2060 crispatur
625 1971 722 2037 labris
741 1973 944 2038 refluentibus
964 1975 1057 2044 unda.

242 2080 284 2150 ld
323 2078 412 2148 Haec
431 2074 493 2142 tibi
512 2087 584 2140 sunt
604 2089 830 2160 monumenta,
849 2078 909 2146 tibi
927 2079 1071 2166 natisque
1090 2083 1271 2164 manebunt,

324 2182 365 2254 Et
385 2181 529 2245 decorata
548 2191 681 2271 manent
699 2179 800 2246 claros
821 2203 879 2268 per
898 2185 998 2250 saecla
1018 2197 1158 2274 nepotes.

323 2286 354 2360 Τ
356 2308 377 2356 u
397 2296 505 2355 tamen
525 2283 665 2355 excelsus
686 2305 744 2372 per
767 2295 912 2372 tempora
931 2286 1027 2372 longa
1046 2285 1192 2371 ficariis,

747 2431 831 2502 385.

601 2534 795 2604 Eucherius
803 2536 968 2629 poetriae.

321 2664 431 2733 Aurea
451 2659 603 2730 concordi
624 2681 702 2745 quae
722 2657 843 2746 fulgent
863 2659 917 2727 fila
936 2663 1063 2734 metallo

364 2769 512 2832 Setamm
534 2765 669 2842 cumulis
691 2764 872 2832 consociare
893 2767 981 2836 volo.
1085 2803 1089 2810 x

323 2872 487 2946 Sericeum
506 2882 650 2960 tegmen,
671 2869 865 2955 gemmantia
885 2881 970 2940 texta
990 2871 1157 2944 Laconum

361 2975 500 3048 Pellibus
520 2973 653 3043 hircinis
675 2973 905 3064 aequiparanda
926 2977 1047 3063 loquar.

238 3099 259 3160 5
321 3080 450 3148 Nobilis
470 3076 620 3147 horribili
639 3078 784 3169 iungatur
803 3103 945 3173 purpura
966 3080 1090 3164 bursae,
1212 3091 1215 3096 “

362 3185 513 3254 Nectatur
533 3181 667 3269 plumbo
697 3182 818 3270 fulgida
839 3207 968 3272 gemma
988 3185 1090 3271 gravi.

325 3289 373 3358 sit
396 3288 520 3376 captiva
539 3286 588 3353 sui
607 3309 692 3351 nuno
712 3290 883 3378 margarita
902 3290 1015 3355 nitoris

362 3396 406 3464 Et
424 3395 527 3462 elaus'a
548 3390 681 3458 obscuro
702 3388 819 3478 fulgeat
838 3392 874 3457 in
896 3393 1040 3481 chalybe.

319 3497 503 3566 Leuconico
524 3496 642 3584 pariter
662 3496 821 3561 claudatur
841 3497 876 3562 in
897 3521 968 3564 aere
986 3499 1180 3587 smaragdus,

239 3614 279 3680 10
363 3604 506 3690 Compar
526 3599 665 3665 silicibus
685 3621 772 3664 nunc
791 3600 967 3668 hiacinthus
988 3615 1045 3668 eat.

321 3707 463 3800 Rupibus
484 3715 575 3792 atque
597 3701 694 3772 molis
724 3705 838 3770 similis
859 3707 979 3772 dicatur
997 3706 1103 3796 iaspis,
1183 3701 1187 3712 ’

362 3810 468 3896 Eligat
487 3805 653 3878 infernum
673 3805 739 3875 iam
759 3811 858 3875 modo
878 3811 953 3878 luna
974 3811 1079 3876 chaos.

292 3925 297 3931 ’
321 3915 418 3988 Nunc
438 3911 535 3979 etiam
556 3911 663 3982 urticis
683 3913 872 3982 mandemus
892 3913 961 3982 lilia
980 3914 1068 4004 iungi

363 4021 621 4112 Purpureamque
640 4039 749 4090 rosam
770 4018 838 4084 dira
859 4017 957 4087 cinca
974 4035 1110 4109 premat.

236 4129 281 4210 15
324 4127 421 4195 Nunc
442 4123 537 4193 simul
560 4119 703 4214 optemus
724 4119 868 4211 dispectis
889 4123 1025 4212 piscihus
1047 4147 1123 4213 ergo
1147 4185 1149 4206 ᾖ

343 4281 347 4288 .
365 4225 503 4298 Delicias
524 4227 633 4314 magni
653 4225 831 4297 nullificare
852 4225 935 4295 freti.
