3000 4820
680 257 752 330 125

610 343 811 360 *uuae—*¹¹⁸⁸-

669 459 753 540 298·

610 546 806 637 Praefatio.
820 549 824 554 ’

158 705 163 710 .
237 651 376 720 Parvula
394 653 480 742 quod
501 651 595 737 insit,
616 654 714 719 sensit
734 653 818 740 quod
841 652 950 718 iunior
968 664 1069 737 actas,

274 759 377 845 Quod
398 761 465 825 sale
485 759 596 825 Pierio
617 760 745 846 garrula
765 741 874 844 lingua
893 771 999 822 sonate

237 865 311 931 Hoc
331 887 411 953 opus
433 862 571 929 inclusit.
615 863 679 960 Tu,
700 864 816 945 lector,
837 863 935 928 corde
955 865 1059 951 perito

279 968 405 1038 Omnia
424 968 642 1058 perpendens,
667 969 787 1057 delige,
809 968 895 1057 quod
916 969 1047 1060 placeat.

662 1100 746 1180 999.

370 1187 485 1254 Metro
510 1187 698 1254 Phalaecio
734 1187 791 1254 nd
816 1185 1047 1253 Faustum.

314 1289 422 1357 Ausus
445 1304 518 1379 post
539 1304 659 1358 veteres
681 1293 757 1378 tuis,
784 1291 903 1375 amice,

314 1395 384 1462 Etsi
404 1396 473 1461 iam
496 1409 617 1464 temere
638 1410 699 1481 est,
727 1399 854 1488 placere
876 1397 987 1480 iussis,

313 1502 454 1584 Nostro,
477 1501 604 1586 Fausta,
626 1502 737 1570 animo
759 1499 890 1592 probate
909 1523 1061 1590 compar,

312 1607 435 1672 Tantus
456 1607 683 1692 grammaticae
701 1607 856 1694 magister
880 1604 972 1688 artis,

313 1711 403 1798 Quos
425 1713 507 1779 olim
528 1736 609 1803 puer
626 1713 662 1779 in
683 1711 757 1779 foro
777 1710 911 1798 paravi,
945 1793 947 1796 Ι

311 1817 434 1884 Versus
456 1841 498 1884 ex
519 1819 620 1884 variis
639 1818 720 1884 locis
741 1816 908 1896 reductos,

310 1922 390 1988 Illos
413 1923 551 2008 scilicet,
577 1921 665 1988 rmde
685 1945 741 1988 me
763 1932 894 2010 poetam

312 2026 517 2111 (insulsum,
538 2041 629 2117 puto,
652 2049 751 2116 quam
771 2023 874 2112 magis
895 2023 1089 2112 legendum)

311 2132 428 2200 Nostri
449 2133 604 2222 temporis
626 2131 806 2199 aestimavit
825 2143 926 2216 aetas,

315 2235 358 2302 In
377 2260 516 2327 parvum
537 2238 594 2305 tibi
616 2237 760 2303 conditos
779 2235 929 2302 libellum

310 2341 511 2428 Transmisi,
531 2341 674 2409 memori
695 2353 749 2408 tuo
769 2343 955 2431 probandos

309 2449 462 2514 Primum
481 2462 627 2536 pectore,
650 2446 782 2530 deinde,
810 2448 838 2514 si
859 2448 989 2532 libebit,

308 2553 473 2622 Discretos
495 2553 610 2637 titulis,
639 2552 752 2642 quibus
774 2565 939 2639 tenentur,

309 2661 372 2725 Per
393 2655 497 2724 nostri
516 2657 639 2724 similes
661 2659 733 2724 dato
754 2659 890 2725 sodales.

307 2765 399 2831 Nam
419 2764 448 2829 si
470 2763 659 2851 doctiloquis
680 2763 841 2850 nimisque
860 2764 986 2852 magnis

308 2871 398 2937 Haec
416 2880 453 2934 tu
473 2857 755 2934 c1·edideris'viris
779 2867 930 2956 legenda,

256 2996 261 3005 ·
309 2977 430 3062 Culpae
451 2997 511 3039 nos
531 2973 636 3038 socios
654 2970 777 3036 notabit
795 2973 912 3055 index,

307 3079 397 3145 Tam
417 3089 463 3160 te,
489 3075 565 3141 talia
585 3075 641 3162 qni
659 3075 754 3140 bonis
777 3099 937 3159 recenses,

308 3181 418 3270 Quam
439 3203 510 3264 me,
538 3180 665 3268 quitus
686 3179 817 3245 duriora
840 3179 923 3244 iussa

303 3287 380 3356 Feci
400 3287 523 3353 nescius
552 3287 733 3352 immemor
754 3283 867 3352 futuri.

276 3455 278 3458 .
305 3394 379 3462 Nec
397 3416 453 3459 me
472 3393 631 3482 poeniteat
656 3392 744 3459 iocos
765 3403 925 3473 secutum,

306 3499 404 3588 Quod
424 3497 534 3566 verbis
556 3498 814 3586 epigrammaton
835 3493 943 3563 facetis
1014 3483 1017 3487 ¹

303 3605 449 3671 Diverso
471 3615 502 3669 et
521 3601 609 3669 sacili
629 3602 753 3692 pudore
773 3600 848 3666 lusit

303 3708 439 3794 Frigens
460 3708 627 3795 ingenium
649 3705 769 3773 laboris
790 3729 916 3795 expers.

302 3815 440 3880 Causam
461 3813 631 3896 carminis,
659 3812 745 3878 unde
765 3815 805 3878 sit
826 3812 991 3902 voluptas,

302 3918 378 4008 Egit
397 3919 571 3987 ridiculum
593 3941 726 4007 sequens
752 3939 880 4008 poema.
918 3951 922 3956 ·

644 4051 732 4122 300.

384 4135 532 4206 lambini
547 4135 596 4204 acl
618 4137 777 4206 lectorem
797 4133 910 4224 operis
932 4136 997 4202 sui.

301 4243 428 4309 Priscos
450 4265 525 4308 cum
546 4240 693 4325 haberes,
716 4263 793 4326 quos
815 4241 986 4329 probares,
1007 4240 1139 4323 indices,

292 4347 436 4434 Lector,
463 4349 590 4433 placere
610 4345 665 4434 qui
686 4345 779 4412 bonis
800 4357 930 4436 possent
951 4344 1076 4428 modis,
1146 4399 1147 4404 ,
1173 4381 1183 4388 κ
