2992 4826
642 262 689 330 ³5
954 183 995 258 d

202 443 328 520 Gaudia
342 447 475 533 libavit,
503 447 632 518 dulcem
652 444 773 516 furata
793 469 952 535 amorem,

201 557 260 644 Et,
280 577 419 646 quocum
437 567 546 624 tertam
564 554 674 642 gaviaa
695 565 741 622 eat
759 553 873 624 ludere
891 553 927 622 in
947 555 1065 642 herba·

116 672 184 738 170
203 663 386 753 Purpureos
407 659 504 730 florea
525 658 648 750 quoties
668 683 764 748 super
785 659 1001 754 aommbebat,

202 767 345 858 Cypria,
366 765 515 834 fomoao
532 787 717 853 supponem
733 764 864 834 brachia
883 768 980 834 eollo.
1129 761 1133 768 ’

200 871 308 958 Tum,
327 871 447 954 oredo,
465 868 569 938 luerat
588 867 725 936 Mavors
746 868 899 939 distentus
920 872 955 938 ia
975 871 1100 940 armiaz'

200 975 291 1046 Nam
311 987 397 1043 oerte
417 975 581 1044 Vulcanus
600 997 681 1064 opoa
700 970 851 1060 faciebat,
871 987 901 1043 et
921 976 972 1043 illi

200 1081 303 1150 Tristi
319 1081 467 1174 turpabat
486 1083 587 1154 malea
607 1079 742 1170 fuligine
760 1079 869 1150 barba.

114 1197 182 1265 175
201 1186 283 1255 Non
303 1183 437 1255 amora
455 1209 561 1254 novoe
582 1186 679 1254 etiam
697 1185 841 1279 ploravit
862 1207 1001 1274 amores,

197 1293 307 1381 Atque
327 1289 444 1360 rubens
465 1291 575 1360 ootrloa
595 1315 690 1360 roseo
711 1291 826 1360 celavit
845 1293 975 1362 amictu.
1002 1319 1013 1331 ·

195 1397 291 1468 'ralia
311 1397 500 1465 ooelioolaea
523 1397 683 1488 numquid
702 1397 812 1466 minue
831 1422 927 1466 aurea
943 1401 1081 1490 proles?
1211 1411 1219 1450 ¹

199 1505 289 1593 Ergo
309 1503 396 1594 qaod
416 1502 493 1570 dena
513 1515 608 1592 atque
631 1503 754 1587 Ιιοτοε,Δ
777 1526 835 1569 aar
853 1527 923 1572 non
942 1505 1056 1573 minor
1076 1509 1183 1576 aetat

199 1607 319 1678 Infelix
340 1631 417 1696 ego,
438 1631 506 1676 non
526 1610 583 1676 illo
604 1607 660 1696 qui
679 1617 827 1696 tempore
846 1619 946 1692 natae,

111 1727 181 1794 180
201 1713 277 1803 Quo
297 1711 399 1782 facilia
420 1725 534 1782 natura
553 1712 629 1779 fuit!
673 1714 751 1780 Sors
772 1737 793 1778 o
814 1735 889 1780 mea
907 1715 1001 1779 laeva

198 1818 361 1886 Naacentli
381 1821 600 1907 merumque
620 1839 735 1904 genua,
763 1840 826 1905 pro
847 1839 918 1881 aera
936 1816 1055 1884 libido!

198 1921 276 1990 Fata
298 1946 390 1992 meae
411 1923 497 1992 vitae
516 1923 616 2012 partia
637 1919 743 1986 feoere
761 1919 922 2010 rapinam,

200 2026 249 2095 Ut
267 2050 435 2114 maricam,
456 2028 542 2116 quod
568 2027 628 2094 vix
648 2025 748 2094 oculis
770 2047 960 2115 eognoaoere
981 2028 1092 2118 poesia.

630 2179 715 2259 109.

595 2281 749 2374 Virgilii

456 2369 485 2422 in
499 2365 603 2422 'obitum
619 2368 781 2424 Maecenatis
797 2369 890 2440 elegia.

200 2463 367 2536 neaeram
386 2465 516 2536 iuvenis
537 2467 619 2537 tristi
639 2468 741 2535 modo
763 2467 907 2536 carmine
928 2465 1001 2553 fata,

243 2573 325 2639 Sunt
344 2571 442 2640 etiam
460 2574 579 2641 merito
600 2571 746 2641 carmina
767 2573 872 2640 danda
891 2573 975 2640 aeni:

200 2675 248 2744 Ut
263 2675 388 2746 iuvenis
409 2679 574 2746 deflendae
594 2679 686 2748 enim
705 2692 773 2746 tam
793 2677 964 2765 candidus,
987 2677 1100 2746 etiam

241 2781 388 2869 Longius
407 2805 533 2850 annoso
551 2785 668 2852 vivere
689 2783 804 2874 dignus
825 2807 901 2853 avo.

108 2898 137 2964 ὅ
201 2885 365 2976 lareligata
383 2889 476 2976 ratis,
496 2913 676 2982 numquam
697 2890 820 2958 defessa
842 2891 960 2973 carina,
1087 2971 1097 2994 .
1202 2945 1204 2954 .

242 2991 286 3077 It,
306 2994 390 3062 redit
408 2993 445 3062 in
466 3007 572 3063 reatos
592 3019 722 3086 aemper
743 3006 855 3060 onusta
874 2995 970 3058 lacus.

202 3096 262 3164 Illa
281 3096 366 3184 rapit
385 3097 518 3163 iuvenes
540 3098 647 3186 prima
670 3086 806 3164 florente
826 3097 971 3177 iuventa,

244 3199 325 3267 Non
346 3196 443 3266 oblita
462 3199 547 3290 rapit
564 3201 621 3264 aed
641 3211 750 3264 tamen
769 3197 826 3266 illa
845 3221 949 3268 senes.

202 3305 275 3373 Neo
294 3303 394 3390 mihi,
415 3304 599 3392 Maeeenaa,
620 3317 726 3371 tecum
747 3301 808 3370 fuit
826 3325 900 3370 uana
921 3303 1028 3386 amici,

114 3425 161 3490 10
245 3409 371 3479 Lollius
393 3409 457 3476 hoo
477 3435 554 3501 ergo
576 3411 761 3478 conciliavit
780 3435 871 3501 opus.

205 3515 303 3586 Fidus
326 3529 392 3584 erat
413 3517 509 3584 vobis
527 3541 605 3585 nam
626 3529 758 3608 propter
780 3517 923 3584 Caesaris
944 3537 1034 3584 arma

246 3620 391 3688 Caesarie
413 3633 445 3687 et
464 3624 609 3691 similem
629 3637 760 3715 propter
780 3623 816 3690 in
838 3647 928 3690 arma
949 3621 1061 3693 iidem·

203 3723 301 3810 Regia
322 3748 408 3810 eras,
430 3729 582 3812 Etrusca,
603 3755 701 3819 genus
722 3742 755 3797 tu
778 3727 922 3798 Caesaris
946 3727 1025 3796 almi

245 3831 398 3916 Dextera,
418 3835 583 3902 Romanae
604 3851 635 3904 et
654 3848 689 3904 tu
710 3837 792 3925 vigil
811 3833 901 3905 aubia
923 3858 1003 3907 erae.

119 3945 172 4014 15'
207 3933 331 4004 Omnia
351 3957 426 4002 cum
446 3939 553 4022 poa'aea
571 3947 660 4008 tanto
684 3953 750 4008 tam
771 3963 862 4010 canas
884 3941 1000 4026 amiao,

248 4043 301 4108 Te
320 4040 418 4109 sensit
435 4067 533 4110 nemo
553 4069 647 4135 poaae
666 4070 784 4124 nocere
808 4058 927 4117 tamen.

208 4147 336 4217 Pallade
357 4169 433 4214 oum
454 4148 546 4216 docta
565 4149 713 4216 Phoebus
735 4153 910 4220 donaverat
929 4169 1020 4240 mea,

258 4255 312 4322 Tu
328 4255 422 4322 decus
443 4268 473 4321 et
492 4255 600 4322 laudea
624 4255 716 4322 hraius
738 4264 769 4324 et
787 4255 880 4326 haus
900 4287 982 4336 eras.

216 4363 326 4452 Vincit
345 4361 508 4451 vulgares,
534 4361 635 4431 vincit
653 4363 792 4435 lierillua
812 4387 932 4460 uenas,

986 4479 1009 4542 3
1020 4469 1037 4506 ἡ
