2992 4826
394 474 585 540 Extremam
604 466 687 533 hane
707 489 766 534 oro
786 468 931 536 veniam:
973 469 1130 538 Suoeurre
1148 473 1291 540 relictaee

390 579 481 643 Dum
501 576 613 664 pelago
636 573 776 639 desaevit
795 573 917 661 hiems,
943 562 1098 642 miserere
1118 578 1272 665 parentis,

390 682 422 747 Ο
443 680 587 765 genitor,
611 690 642 746 et
660 703 720 744 nos
742 681 871 768 aliquod
891 679 1077 768 nomenque
1095 679 1251 768 decusque

393 785 571 870 Gessimus,
590 797 622 850 et
636 785 697 851 sois
715 784 794 874 ipse,
815 809 918 876 neque
938 786 1038 852 est'te
1059 783 1171 852 fallere
1192 786 1375 874 quidquam.

263 905 307 972 85
391 893 489 959 Nunc
508 892 590 958 victi
607 893 729 973 tristes,
756 887 911 976 quoniam
930 887 999 956 fors
1020 891 1131 956 omnia
1151 904 1269 977 versat,

392 996 550 1062 Submissi
570 995 707 1086 petimus
729 1006 850 1062 terram
869 996 1005 1084 litusque
1025 1019 1177 1084 rogamus

390 1104 587 1186 Innocuam,
607 1125 710 1188 neque
729 1112 770 1168 to
784 1103 878 1168 ullius
899 1101 1054 1168 violentia
1071 1103 1191 1168 vincat.

332 1208 370 1275 0.
391 1208 481 1294 Quid
500 1230 607 1288 oausas
629 1207 708 1294 petis
728 1206 839 1295 inme
860 1207 1057 1295 exitiumque
1077 1229 1229 1274 meorum

390 1311 557 1399 Quidquid
577 1311 612 1376 id
633 1323 694 1395 est,
717 1311 818 1378 timeo
839 1325 960 1394 vatum
973 1313 1133 1402 praedicta
1151 1313 1311 1402 priorum,

172 1405 174 1414 ¹
263 1431 306 1494 90
388 1419 448 1485 Eia
469 1439 541 1504 age,
561 1437 679 1507 rumpe
699 1441 820 1484 moras.
856 1417 931 1504 Quo
948 1439 1004 1481 me
1025 1415 1112 1482 decet
1132 1441 1231 1504 usque
1250 1422 1374 1489 teneri?

314 1526 367 1593 M.
388 1523 498 1609 Quem
516 1522 704 1610 sequimur?
726 1545 833 1611 quove
848 1507 897 1587 ire
910 1519 1022 1588 iubes?
1043 1521 1099 1586 ubi
1118 1545 1240 1610 ponere
1260 1526 1374 1593 sedes?

331 1628 368 1695 0.
388 1629 442 1692 Ire
463 1627 503 1692 ad
524 1640 729 1716 conspectum
750 1627 816 1692 cari
836 1625 987 1714 genitoris
1010 1639 1040 1693 et
1060 1650 1127 1710 ora,

389 1733 481 1799 Dum
502 1755 595 1798 carrae
616 1733 799 1820 ambiguae,
821 1733 900 1798 dum
920 1755 991 1821 spes
1011 1732 1135 1798 ineerta
1155 1734 1265 1803 futuri

312 1841 364 1910 Μ.
387 1838 485 1905 Nunc
495 1837 574 1924 scio,
596 1836 673 1925 quid
684 1837 724 1903 sit
737 1861 841 1904 amor.
861 1837 1012 1926 Hospitio
1026 1839 1236 1927 prohibemur
1251 1867 1372 1930 arenae,

261 1957 306 2022 95
390 1945 463 2010 Neo
482 1967 554 2035 spes
574 1944 640 2008 ulla
660 1939 769 2029 fugae,
793 1943 882 2008 nulla
902 1941 979 2007 hino
1000 1944 1091 2009 exire
1110 1954 1256 2034 potestas.

390 2051 622 2136 Quassataeque
641 2059 723 2112 rates
744 2049 930 2137 geminique
950 2049 1009 2112 sub
1027 2049 1125 2116 ubere
1145 2055 1212 2120 nati

387 2157 431 2222 Et
450 2152 591 2239 glacialis
609 2151 713 2216 hiems
735 2151 936 2238 aquilonibus
956 2167 1081 2244 asperat
1100 2158 1210 2225 undas.

389 2261 474 2325 Sita
494 2259 582 2322 nulla
601 2267 715 2321 movet
733 2268 838 2322 tantae
860 2257 983 2345 pietatis
1003 2262 1121 2346 imago,

387 2363 521 2450 Indulge
541 2361 680 2452 hospitio
701 2373 831 2427 noctem
851 2385 920 2426 non
936 2363 1072 2452 amplius
1093 2383 1202 2434 unam.

262 2484 326 2548 100
389 2471 485 2536 Hane
504 2468 574 2534 sine
593 2489 649 2532 me
668 2486 761 2555 spem
783 2460 869 2529 ferre
885 2464 949 2530 tui:
973 2468 1138 2536 audentior
1158 2471 1223 2538 ibo.

327 2576 364 2645 C.
381 2575 505 2642 Desine
525 2573 592 2640 iam
614 2570 755 2638 tandem.
797 2570 882 2635 Tota
903 2571 989 2657 quod
1009 2581 1117 2638 mente
1138 2579 1254 2664 petisti,

385 2680 525 2768 Largior
545 2691 576 2745 et
595 2691 743 2768 repetens
763 2675 944 2762 iterumque
962 2677 1143 2766 itenunque
1161 2686 1320 2754 monebo:

390 2785 426 2851 Si
446 2798 477 2851 te
496 2781 547 2847 his
569 2782 715 2868 adtigerit
734 2782 827 2849 terris
849 2779 983 2848 Aurora
1002 2799 1196 2871 morantem,

385 2890 501 2959 Unum
520 2913 581 2981 pro
602 2888 715 2956 mtdtis
736 2888 861 2956 dabitur
881 2899 984 2979 caput.
1055 2917 1058 2927 ·

594 3059 631 3129 V
631 3084 674 3127 ou
701 3059 851 3130 deintus.
893 3057 1034 3128 Chorus.
1089 3041 1091 3048 ,

209 3294 212 3300 1
261 3217 325 3282 105
389 3207 422 3274 0
444 3206 541 3295 digno
563 3207 729 3274 coniuncta
748 3211 839 3291 viro,
867 3208 1016 3276 dotabere
1036 3207 1142 3296 virgo.

386 3311 482 3379 Ferte
501 3312 585 3379 faces
606 3335 745 3403 propere
765 3314 905 3378 thalamo
928 3313 1082 3376 deducere
1103 3313 1215 3380 adorti.

384 3417 452 3484 Ore
473 3416 578 3484 favete
599 3441 711 3484 omnes
732 3431 766 3483 et
787 3416 905 3505 cingite
925 3429 1071 3504 tempora
1093 3419 1202 3486 ramis.

443 3520 503 3590 Ob.
528 3522 682 3590 Velamus
704 3523 821 3590 fronde
841 3544 900 3612 per
921 3523 1035 3588 urbem

527 3626 683 3714 Votisque
702 3627 904 3694 incendimus
926 3651 1006 3694 aras·

527 3733 601 3798 Heu
623 3732 720 3798 eorda
740 3733 838 3799 oblita
858 3746 998 3819 morum,

525 3837 648 3904 Vatum
668 3836 831 3927 praedicta
852 3839 1012 3927 priorum,

525 3942 596 4009 Fati
619 3943 775 4031 sortisque
794 3941 932 4010 futurae!

526 4050 591 4138 Spe
610 4051 750 4116 multum
771 4060 876 4139 captus
896 4048 985 4115 inani
1067 4039 1069 4046 ’

525 4153 647 4222 Mactat
667 4155 707 4220 de
727 4177 828 4222 more
839 4139 990 4221 biderites

526 4258 657 4325 Phoebo
677 4262 993 4350 panique‘Lyaeo,.··'
1063 4295 1065 4302 1

482 4447 492 4466 ,
524 4361 589 4448 ‚Cui
609 4363 717 4434 vincla
735 4367 853 4455 iugalia
872 4387 975 4454 curae,
