2992 4826
6 1021 22 1081 θ

604 261 812 371 ...Q

453 596 458 607 ·
572 572 610 642 A
616 597 643 663 p
652 597 679 662 p
693 597 718 639 u
732 573 804 640 lai
815 575 833 640 i

617 681 646 738 iu
667 679 785 732 critiam.

197 757 202 788 '¹
236 776 351 844 Floreu
363 787 456 864 serta,
476 797 589 850 meum
601 778 686 864 mel,
707 789 741 842 et
753 777 832 842 haee
842 776 903 844 tibi
919 777 1063 846 carmina
1079 779 1177 848 donor

276 885 432 954 Carmina
453 883 540 950 dono
562 884 639 968 tibi,
657 895 741 952 serta
761 895 816 950 tuo
837 883 952 970 geni03

235 985 405 1072 Carmina,
427 988 490 1073 uti,
512 988 629 1072 Critia,
652 989 711 1055 lux
730 988 809 1054 haee
829 1001 932 1078 optata
953 1002 1091 1074 cauetur,

274 1091 366 1180 Quae
385 1095 435 1161 bis
456 1106 586 1186 septeno
607 1117 686 1160 vere
709 1094 769 1160 tibi
788 1102 926 1176 remea't3

148 1205 170 1269 ⁵
235 1198 325 1264 Serta
345 1214 467 1285 autem,
489 1215 521 1268 ut
534 1201 616 1268 laeto
629 1200 688 1266 tibi
706 1209 854 1288 tempore
866 1211 1015 1288 tempora
1026 1213 1176 1283 rement,

276 1303 398 1372 Aetatis
419 1307 536 1374 florem
556 1305 690 1372 floribus
707 1316 745 1374 nt
765 1305 906 1370 decores.

233 1409 288 1474 Tu
308 1409 392 1476 mihi
413 1411 452 1476 da
471 1405 583 1480 eontra
601 1435 663 1503 pro
682 1433 786 1478 verno
809 1411 891 1476 flore
911 1423 1004 1476 tuum
1023 1429 1095 1494 ver,

274 1514 319 1582 Ut
338 1529 448 1583 nostra
469 1541 623 1607 exuperes
644 1539 780 1584 munera
799 1515 1000 1582 muneribus.

232 1621 297 1686 Pro
318 1620 458 1712 inplexis
479 1623 573 1689 sertis
595 1619 806 1710 complexum
830 1637 967 1708 eorpore
988 1615 1096 1701 redde,

148 1740 190 1800 lo
272 1727 400 1814 Proque
423 1729 505 1795 rosis
525 1727 592 1796 oris
613 1726 702 1792 savia
721 1722 886 1813 purpurei.

149 1863 152 1868 ¹
233 1831 330 1917 Quod
345 1833 374 1899 si
391 1833 535 1900 enimam
549 1831 704 1921 inspires,
727 1827 830 1910 dona,
855 1837 885 1891 et
902 1827 968 1894 iam
989 1829 1131 1898 'carmina
1150 1846 1257 1898 nostra

273 1937 394 2006 Cedent
415 1938 499 2004 victa
519 1949 576 2004 tuo
598 1935 779 2022 dulciloquo
801 1931 934 2000 calamo.

661 2083 747 2162 229.

539 2241 542 2250 .
613 2191 788 2284 Appuleii.

230 2306 353 2374 Montis
372 2309 409 2376 in
426 2311 546 2376 excelsi
566 2312 698 2398 seopulo
720 2309 834 2374 desiste
854 2307 1005 2397 puellam,

272 2414 430 2480 Ornatam
450 2416 574 2482 mundo
594 2415 721 2482 iimerei
744 2415 886 2482 thalami.

229 2520 300 2584 Nec
320 2544 426 2610 speres
446 2541 602 2606 generum
623 2521 754 2588 morlali
775 2519 874 2608 stirpe
896 2530 1050 2606 creatum,

271 2624 335 2688 Setl
355 2649 489 2692 saevum
510 2640 601 2714 atque
620 2625 743 2709 serum,
772 2625 1003 2716 vipereumque
1023 2628 1159 2708 melum,

144 2739 165 2802 5
229 2729 296 2816 Qui
316 2729 424 2814 pinnis
445 2731 583 2797 volitans
604 2755 700 2820 super
721 2731 846 2797 aethera
867 2745 976 2797 cuneta
1000 2729 1118 2820 fatigat,

268 2834 478 2922 Flammaque
498 2849 530 2903 et
550 2833 638 2902 ferro
661 2834 785 2922 singula
807 2835 959 2916 debilitat,
991 2908 998 2918 ,

229 2938 338 3022 Quem
357 2940 468 3005 tremit
487 2939 555 3030 ipse
575 2941 680 3025 Iovis,
708 2963 771 3026 quo
792 2940 927 3006 numina
946 2936 1169 3023 terrificarttur,

270 3043 422 3109 Flumina
442 3067 538 3130 quem
559 3043 747 3110 horrescunt
766 3056 797 3110 et
815 3043 946 3132 Stygiae
966 3044 1126 3110 tenebrae.

611 3294 779 3387 Appuleii

507 3411 670 3486 ἅνειὸμενοσ
685 3433 719 3469 ex
734 3415 889 3472 Menandre.

269 3514 395 3582 Amare
414 3515 521 3600 liceat,
547 3516 576 3583 si
596 3515 695 3606 potiri
713 3539 781 3582 non
800 3515 883 3582 lieet.

266 3621 428 3689 Fruuntur
449 3622 520 3704 alii3
550 3645 619 3687 non
639 3645 769 3706 moror,
793 3645 861 3688 non
881 3644 955 3687 sum
975 3617 1124 3705 invidus}

269 3726 359 3790 Nam
380 3751 447 3791 sese
467 3727 642 3810 excruciat,
670 3728 724 3816 qui
746 3729 842 3794 beatis
864 3727 999 3799 invidet.

129 3819 163 3916 ¹,
269 3827 359 3914 Quos
380 3831 490 3896 Venus
512 3831 650 3911 amavit,
670 3832 746 3898 iacit
764 3834 885 3900 amoris
907 3844 1089 3921 compotes3

140 3943 163 4007 5
269 3933 375 4000 Nobis
397 3935 522 4024 Cupido
546 3939 631 4004 velle
651 3937 721 4023 dat,
747 3963 841 4027 posse
860 3939 1003 4025 abnegat.

257 4038 336 4106 'Olli
349 4063 515 4130 pmpurea
541 4041 712 4112 delibantes
733 4045 840 4110 oscula

268 4145 435 4210 Clemente
455 4169 566 4212 morsu
586 4169 678 4213 rosea
698 4148 813 4223 labella
837 4147 998 4234 vellicent,
1024 4157 1027 4162 '

266 4251 370 4316 Malas
392 4250 524 4316 adorent
545 4275 602 4318 ore
622 4265 652 4319 et
672 4252 823 4345 ingenuas
844 4277 938 4341 genas

266 4355 310 4420 Et
329 4359 523 4446 pupularum
542 4355 657 4464 nitidas
678 4358 822 4446 geminas
842 4362 1031 4452 gemmtdas.
