2876 4824
19 1626 46 2366 ³

93 1403 330 1539 Antbologia
342 1433 452 1517 latina
467 1435 622 1540 primani
647 1471 667 1518 a
685 1437 866 1544 Scaligero'
882 1451 1062 1544 originem
1078 1445 1194 1528 duxit,

93 1547 226 1616 Postea
257 1547 431 1638 Pithoeus
458 1548 637 1618 Catalecta
666 1551 827 1620 auctiora
851 1552 972 1621 edidit.
1020 1551 1070 1624 At
1092 1555 1193 1627 Bur-⁴

94 1669 267 1762 mannus,
294 1649 353 1717 cui
369 1647 516 1716 Heinsii
541 1649 666 1740 copiae
689 1663 834 1765 praesto
861 1663 982 1738 erant,
1007 1649 1193 1722 Antholo-

93 1747 186 1838 giam
211 1746 359 1816 latinam
372 1748 569 1838 perfecisse
583 1747 746 1835 videtur,
771 1750 821 1834 ita
846 1759 888 1816 ut
911 1702 1056 1816 futinus
1075 1751 1194 1820 editor

90 1867 167 1913 non
200 1856 275 1913 tam
308 1869 500 1914 numerum
534 1846 833 1935 epigrammatum
858 1867 989 1935 augere
1015 1842 1096 1940 (etsi
1121 1849 1193 1920 hoc

94 1967 237 2036 quoque
263 1933 295 2014 ei
322 1968 428 2012 curae
445 1935 549 2032 erit),
576 1964 683 2030 quam
700 1965 874 2010 summam
893 1966 1020 2014 eorum
1044 1947 1084 2014 in
1110 1967 1193 2017 me-

93 2043 223 2112 liorem
253 2044 421 2132 redigere
457 2041 640 2124 ordinem,
683 2040 720 2106 et
744 2062 804 2127 ea,
846 2059 937 2136 quae
969 2035 1191 2140 antiquitatis

95 2143 253 2232 speciem
277 2140 367 2208 falso
391 2161 490 2230 prae
505 2160 542 2204 se
566 2137 708 2224 serunt,
743 2140 926 2234 expellere
952 2143 1089 2215 debeat.
1139 2144 1193 2217 Ac

94 2241 199 2311 sicuti
231 2239 435 2308 litterarum
466 2236 715 2306 Romanarum
747 2226 899 2309 historia
930 2233 1094 2314 nondum
1117 2257 1192 2316 tam

94 2337 239 2408 exculta
264 2348 300 2407 et
326 2324 503 2406 elaborata
529 2346 601 2423 est,
626 2345 668 2404 ut
694 2337 739 2406 de
764 2325 915 2430 singulis
936 2343 1079 2433 scriptis
1105 2369 1190 2414 om-

92 2440 197 2507 nibus
222 2423 327 2505 facile
351 2435 501 2505 iudicari
521 2435 654 2524 possit,
681 2459 790 2551 quern
813 2437 970 2534 habeant
994 2453 1191 2532 auctorem,

94 2559 213 2630 quove
244 2537 319 2603 sint
344 2535 542 2626 composita
566 2533 706 2624 seculo,
741 2536 791 2602 ita
813 2529 971 2606 maxime
994 2540 1034 2606 in
1057 2539 1125 2610 hac
1149 2559 1192 2610 re

94 2635 268 2704 claudicat
295 2631 514 2726 Anthologia
545 2632 674 2721 latina,
724 2634 763 2701 in
799 2656 869 2726 qua
898 2647 1042 2710 vetusta
1072 2641 1191 2729 novis,

21 2801 22 2804 ,
93 2736 181 2804 falsa
207 2735 302 2805 veris
326 2735 537 2802 intermixta
559 2731 739 2823 leguntur.
792 2733 961 2804 Conabor
984 2738 1094 2828 igitur
1121 2740 1192 2807 de-

92 2845 316 2922 monstrare,
341 2855 387 2900 ex
413 2832 540 2923 quibus
555 2832 719 2923 partibus
740 2856 781 2902 ea
806 2834 853 2904 sit
878 2835 1103 2925 constructa,
1129 2837 1192 2929 qui

92 2943 256 3001 auctores
281 2933 596 3024 epigrammatum,
623 2933 752 3023 quibus
768 2934 993 3025 temporibus
1019 2937 1191 3025 vixerint,

90 3041 275 3122 postremo
302 3055 392 3124 quae
418 3055 503 3102 vera
528 3030 588 3102 rel
613 3033 798 3123 supposita
822 3035 905 3102 siut.

187 3127 406 3220 Anthologia
437 3129 546 3196 latina
578 3129 757 3218 tripartita
791 3141 863 3213 est,
896 3131 980 3217 quia
1012 3129 1144 3218 partim
1171 3152 1191 3200 e

91 3229 275 3299 codicibus
300 3251 411 3296 manu
427 3226 588 3316 scriptia,
612 3225 747 3316 partim
762 3244 808 3292 ex
834 3226 963 3294 ceteris
987 3225 1191 3302 litterarum

89 3329 337 3400 Romanarum
376 3325 600 3412 auctoribus,
636 3323 770 3416 partim
810 3347 856 3393 ex
892 3325 1189 3418 inscriptionibus

89 3439 146 3498 est
171 3428 333 3497 conflata.

191 3525 367 3616 Quamuis
391 3524 525 3594 multos
540 3524 791 3594 Romanorum
815 3525 1069 3616 epigrammata
1095 3529 1189 3598 scri-

24 3621 29 3632 ’
86 3629 207 3724 psisse
233 3628 404 3713 sciamus,
429 3613 549 3694 nullus
564 3636 686 3694 tamen
712 3646 839 3694 eorum
863 3636 1007 3716 praeter
1033 3623 1188 3696 Martia·-

18 3753 24 3776 ·
84 3729 162 3798 lem
195 3736 232 3795 et
263 3723 466 3794 Ausonium
498 3735 651 3792 aetatem
690 3723 792 3810 tulit,
834 3746 900 3792 nec
932 3721 1073 3794 Latinis
1093 3728 1189 3824 epi-

82 3824 350 3919 grammatariis
374 3815 471 3892 idem
498 3823 668 3914 contigit,
690 3822 788 3936 quod
805 3821 972 3906 Graecis,
998 3834 1040 3891 ut
1064 3813 1191 3896 diver-

17 3975 24 3986 .
83 3949 215 3996 sorum
240 3925 429 3995 auctorum
447 3917 702 4013 epigrammata
720 3922 762 3988 in
786 3944 900 3990 unum
927 3945 1056 4040 corpus
1083 3923 1189 3991 colli-

81 4035 283 4119 gerentur,
340 4013 439 4090 unde
480 4009 734 4110 Anthologiam
774 4045 937 4112 graecam
985 4013 1190 4091 etiamnunc

10 4143 11 4148 ’
80 4124 343 4220 pulcherrimis
378 4121 530 4190 floribus
564 4121 746 4190 abundare
778 4132 927 4190 constat.
985 4119 1191 4212 Supersunt

10 4265 19 4278 ·
80 4235 231 4294 tantum
256 4221 435 4292 catalecta
461 4219 626 4311 Virgilii,
664 4218 843 4290 Catalecta
866 4220 1051 4311 Priapeia,
1079 4215 1189 4288 Cata-

77 4324 181 4396 lecta
218 4322 400 4394 Petronii:
443 4343 533 4412 quae
572 4320 718 4412 quidem
752 4319 852 4388 haud
890 4319 1191 4453 contemnendum
