3000 4820
771 243 842 316 158

254 449 297 515 85
339 435 450 504 Tertia
470 455 610 519 moxque
629 430 723 520 pedes
751 434 858 520 explet
879 455 1068 522 comprensa
1083 457 1237 517 novenos,

339 539 473 608 Aestivo
496 549 618 626 septem
638 559 718 602 mox
738 537 843 603 tendit
867 550 975 623 quarta
997 539 1110 622 calore,

340 645 517 731 Quintoque
536 656 605 725 tum
625 641 757 730 pedibus
785 643 970 708 conscendit
991 644 1076 712 linea
1097 645 1211 730 quinis,

340 753 426 818 Hinc
447 760 554 812 centro
574 760 698 812 torrens
719 759 825 814 ternos
846 747 908 812 sibi
928 760 1016 812 senta
1036 761 1178 816 retentat.

726 898 864 1048 aiiii

744 1067 778 1118 de
795 1083 870 1118 anuo.

343 1155 398 1222 Bis
420 1169 493 1219 sena
514 1177 662 1218 mensum
686 1153 844 1240 vertigine
865 1153 1011 1219 volvitur
1033 1177 1143 1240 annus,

343 1258 535 1348 septimanis
557 1254 658 1345 decies
680 1259 784 1348 quinis
816 1257 1024 1344 simulatque
1047 1260 1176 1344 duobus,

345 1365 541 1430 Tercentum
561 1345 672 1450 bisque
693 1361 820 1429 tricenis
843 1359 980 1453 quinque
1005 1362 1124 1432 diebus.
1164 1447 1166 1452 Ι

287 1459 291 1472 ’
344 1462 411 1554 Qui
429 1461 527 1533 ternis
548 1468 802 1560 gaudetdivisns
824 1467 1097 1552 stare‘columnis,

349 1575 474 1639 Scilicet
494 1574 602 1638 Idibus
624 1585 655 1639 et
675 1572 780 1637 Nonis
803 1571 902 1637 simul
923 1584 1013 1658 atque
1033 1575 1197 1640 Kalendis.

347 1677 436 1741 Nam
457 1676 585 1766 quadris
607 1688 726 1766 constat
743 1675 848 1740 Nonis
871 1697 1061 1745 concurrere
1081 1703 1206 1746 menses

349 1760 472 1872 Omnes
494 1793 626 1868 excepto
648 1781 757 1848 Marte
778 1792 810 1845 et
831 1780 939 1863 Maio,
968 1785 1107 1869 sequitur
1129 1808 1207 1871 quos

348 1884 463 1966 Iulius,
488 1885 674 1977 Octimber3
703 1885 788 1950 senis
809 1886 870 1952 soli
891 1885 927 1950 hi
943 1887 1164 1954 moderantur:

352 1989 494 2078 Septenis
516 2002 598 2076 patet
617 1991 676 2056 hos
697 1990 876 2079 pariterque
903 1989 1038 2076 flagrare
1058 1993 1223 2075 Kalendis,
1259 2067 1261 2074 p

270 2108 311 2166 10
355 2077 550 2180 Octonisque
570 2094 667 2170 simul
687 2117 779 2183 pares
800 2107 872 2160 sunt
894 2095 1002 2162 Idibus
1025 2095 1157 2162 omnes.'
1179 2166 1182 2172 ,

351 2199 444 2264 Ianus
466 2209 495 2260 et
516 2197 675 2284 Augustus
696 2219 824 2285 semper
845 2199 1025 2290 mensisque
1045 2201 1226 2268 December

352 2303 541 2370 Volvuntur
562 2302 650 2366 denis
674 2313 798 2370 tentum
816 2306 974 2388 nonisque
994 2306 1160 2372 Kalendis.

356 2407 404 2474 At
421 2418 534 2472 contra
554 2419 685 2472 currunt
703 2407 752 2472 bis
773 2407 867 2474 nonis
889 2408 951 2472 rite
971 2408 1129 2494 quaternis

355 2511 471 2608 Iulius,¹
494 2508 635 2599 Aprilis,
666 2511 853 2600 September
875 2524 905 2577 et
924 2511 993 2600 ipse
1013 2513 1214 2580 November.

276 2630 316 2691 15
360 2603 491 2682 sedenis
512 2615 655 2680 Februus
678 2615 739 2682 cito
759 2620 844 2698 solus
866 2618 905 2683 ab
927 2617 1077 2682 omnibus
1099 2632 1193 2687 errat.

358 2719 516 2812 Bislsenis
537 2720 583 2784 sic
603 2743 743 2809 namque
762 2735 883 2788 rotatur
903 2722 1069 2788 mensibus
1090 2746 1204 2806 annus,

358 2827 420 2892 Per
440 2826 571 2918 Nonas,
592 2825 668 2890 Idus
691 2826 859 2894 decurrens
881 2840 972 2914 etque
992 2827 1165 2894 Kalendas.

783 2979 867 3054 391·
1006 3013 1008 3020 ·

771 3062 889 3128 Bedoe

509 3163 641 3214 contentio
658 3165 727 3216 veris
745 3175 773 3216 et
790 3165 884 3218 hiemis
900 3164 928 3216 in
943 3165 1047 3216 laudem
1064 3166 1159 3222 cuculi.

366 3263 571 3330 Conveniunt
592 3262 694 3326 subito
719 3263 823 3328 cuncti
844 3263 883 3331 de
903 3262 1064 3329 montibus
1085 3263 1154 3330 altis

366 3369 507 3438 Pastores
531 3366 688 3454 pecudum
710 3365 836 3438 vernali
854 3367 928 3444 luce,
944 3367 1001 3430 sub
1023 3367 1138 3432 umbra

367 3473 532 3554 Arborea,
556 3469 674 3558 pariter
694 3472 790 3544 laetas
812 3470 970 3537 celebrare
992 3472 1158 3538 Camenas.
1268 3467 1271 3474 ’

369 3577 486 3655 Adfuit,
505 3561 542 3643 et*
555 3567 679 3642 iuvenis
694 3573 845 3662 Daphnis
873 3574 1042 3661 seniorque
1062 3576 1245 3654 Palaemon,

369 3685 492 3762 Omnes
514 3679 549 3746 hi
572 3681 681 3758 cuculo
702 3679 808 3746 laudes
830 3690 953 3746 cantare
972 3681 1084 3769 parati.

370 3789 438 3855 Ver
459 3809 582 3873 quoque
602 3783 753 3872 florigero
773 3785 948 3852 succinctus
969 3799 1135 3854 stemmate
1156 3788 1286 3868 veuit3¹

370 3892 501 3978 Frigida
521 3891 612 3956 venit
631 3889 734 3963 hiems
755 3889 866 3975 rigidis
887 3887 1007 3956 hirsuta
1027 3893 1160 3980 capillis.

371 3996 434 4062 His
458 4007 618 4070 certamen
637 4007 703 4066 erat
724 3994 828 4059 cuculi
848 3993 887 4058 de
908 3995 1051 4062 carmine
1070 3997 1201 4082 gratam.

373 4099 442 4176 Ver
463 4094 554 4184 prior
576 4100 692 4167 adlusit
710 4112 816 4172 ternos
837 4099 1056 4164 modulamine
1077 4117 1206 4165 versus:

293 4221 334 4280 10
376 4205 481 4292 Opto,
501 4225 591 4268 meus
618 4205 725 4272 veniat
745 4203 889 4284 condus,
911 4203 1091 4276 carissimus
1112 4198 1186 4264 alm·

377 4307 538 4390 Omnibus
558 4306 616 4372 iste
639 4309 719 4373 solet
739 4309 810 4376 fieri
830 4307 1024 4394 gratbsimus
1045 4305 1161 4393 hospes
