3000 4820
619 215 622 222 “
652 252 722 326 145

344 441 489 530 Corpora
510 450 592 505 tactu
612 439 724 507 mollia
745 443 852 534 palpat

343 545 385 610 Et
404 545 576 612 muliebres
596 544 714 613 iudicat
735 559 832 631 artus,

342 649 444 714 Nivei
465 651 516 717 cui
537 653 578 717 sit
597 647 705 716 forma
728 649 869 718 decoris:
921 648 924 655 ¹

342 753 468 836 Credo,
489 756 576 844 quod
596 753 652 822 ille
671 751 753 819 nolit
774 754 891 822 habere

343 856 483 939 Oculos,
503 880 563 948 per
585 881 662 947 quos
687 875 818 924 eernere
839 873 959 950 posset,

300 1063 305 1072 .
343 961 405 1028 coi
428 961 514 1030 dedit
533 965 641 1054 plures
663 960 755 1028 docte
775 958 887 1030 libido.

182 1209 226 1278 In
238 1209 480 1306 philosophum
499 1104 804 1299 hirsutunifboeto
826 1228 961 1286 mamm
980 1243 1058 1288 oum
1073 1225 1198 1312 puellis

553 1301 832 1370 concumbentem.

302 1422 456 1512 Hispidus
476 1437 539 1493 tota
560 1424 641 1494 faeie
661 1439 756 1516 atque
776 1426 951 1507 membris,

302 1528 403 1594 Crine
425 1552 493 1595 non
514 1542 623 1615 tonso,
652 1531 761 1619 capitis
782 1528 934 1611 verendi,

302 1633 464 1700 Omnibus
487 1637 584 1702 clares
606 1635 729 1701 Stoicus
750 1634 910 1720 magister.

302 1737 353 1802 To
372 1723 454 1803 viris
473 1751 597 1804 tontum
616 1739 747 1803 simulas
768 1731 967 1820 niodeatum3
1059 1770 1061 1774 v

302 1841 375 1905 Neo
396 1842 448 1905 die
470 1844 592 1928 quaeris
614 1843 735 1908 coitum
755 1851 898 1929 patrare,

303 1944 357 2008 Ne
377 1943 446 2034 capi
465 1946 583 2033 possis,
606 1945 763 2031 lateasque
782 1965 926 2032 semper,

302 2047 461 2114 Fervidus
479 2047 537 2113 sed
557 2071 632 2115 oum
652 2047 808 2138 petulante
827 2047 940 2112 lumbo

303 2153 408 2220 Nocte
428 2150 586 2218 formosas
605 2152 722 2240 subigis
743 2153 874 2241 puellas.

302 2256 438 2323 Incubus
460 2255 516 2322 fies
537 2257 640 2324 subito
661 2281 719 2348 per
741 2270 842 2339 actus,

143 2377 185 2437 10
302 2361 368 2448 Qui
391 2365 468 2430 Cato
490 2363 613 2430 dudum
633 2360 737 2429 fueras
759 2385 816 2450 per
837 2365 933 2428 anesi

645 2503 731 2584 366·

205 2619 260 2686 Do
286 2619 403 2687 catulo
422 2619 493 2687 'auo
513 2617 728 2699 brevissimo,
756 2615 804 2682 od
824 2615 954 2682 domini
979 2615 1037 2684 sui
1055 2631 1177 2688 nutum

579 2719 580 2726 ¹
605 2711 776 2769 currente.

227 2827 347 2894 Forma
367 2848 457 2892 mese
478 2825 594 2890 catulae
613 2821 723 2891 brevis
744 2837 805 2908 est,
832 2825 888 2890 sed
906 2825 1050 2891 amabilis
1067 2827 1158 2912 inde,

13 2915 16 3090 ι
271 2933 365 2998 Hanc
384 2941 483 2996 totam
503 2941 536 2993 nt
556 2928 656 3017 possit
677 2951 816 2993 concava
842 2927 929 2995 ferre
948 2949 1071 2995 manns.

228 3035 286 3104 Ad
309 3028 434 3100 doinini
454 3053 571 3096 vocem
590 3027 747 3095 famulans
769 3043 799 3096 et
819 3033 945 3118 garrula
968 3028 1082 3116 sumit,

269 3135 428 3208 Humanis
449 3146 611 3217 tamquam
633 3130 771 3196 motibus
791 3135 934 3200 exiliens.

146 3263 167 3324 5
227 3247 299 3314 Nec
319 3251 537 3307 monstrosum
558 3235 675 3324 aliquid
696 3236 852 3302 membris
872 3237 953 3326 gen't
971 3238 1025 3305 illa
1046 3239 1176 3330 decoris,

269 3348 430 3420 Omnibus
450 3343 566 3432 exiguo
588 3353 723 3430 torpore
742 3343 811 3408 visa
837 3343 946 3432 placet·
1058 3365 1061 3370 ’

131 3521 134 3532 f
228 3455 366 3524 Mollior
385 3452 459 3519 hnic
478 3449 566 3514 cibus
586 3458 635 3511 est
654 3468 846 3533 somnusque
866 3448 901 3514 in
920 3450 1072 3518 stramine
1091 3455 1202 3540 molli,

270 3558 419 3626 Muribus
439 3553 563 3620 infense
584 3563 644 3633 est,
669 3550 796 3616 saevior
819 3563 909 3638 atque
929 3554 1014 3622 catis.

228 3651 340 3732 Vincit
358 3658 506 3727 membra
526 3656 601 3722 imis
622 3658 735 3722 latratu
755 3654 849 3722 fortia
869 3656 975 3724 turba:

149 3786 190 3846 10
274 3767 310 3832 Si
329 3777 439 3832 nauus
459 3762 566 3846 daret,
581 3774 686 3851 posset
705 3761 744 3828 sb
767 3773 833 3827 arte
851 3761 949 3848 loqui.

653 3901 739 3983 367·

190 4005 246 4074 De
260 3997 386 4096 pardis
405 3995 593 4064 mansuetis
598 4043 631 4166 ‚s
638 3997 715 4142 quil>
729 4015 807 4144 cutm
832 3993 973 4062 canibus
992 4001 1199 4070 venationem

622 4102 695 4144 acze
715 4101 788 4144 an.

353 4161 456 4256 Cessit
474 4183 581 4272 Lyaei
599 4201 688 4246 sacra
707 4179 796 4247 fama
815 4181 966 4265 nominis,

353 4294 486 4379 Lynceo
507 4288 547 4355 sb
568 4284 633 4352 oris
655 4284 710 4373 qui
728 4285 849 4374 subegit
868 4288 1002 4371 Indicis3

182 4411 216 4466 Τ.
232 4411 254 4462 l.
1005 4401 1046 4460 1⁰
