3000 4820
703 255 907 357 —1—54*

763 461 846 532 388·

674 543 823 612 Sisebuti
849 545 942 632 regis

533 668 634 705 carmen
652 651 686 702 de
704 650 844 717 eclipsibus
861 647 929 702 Solis
946 657 974 700 et
991 647 1089 705 Lunae.

344 761 398 824 Tu
416 757 498 825 forte
518 760 557 824 in
571 761 644 825 luco
664 762 767 824 lentus
787 781 867 845 vaga
887 757 1028 822 carmina
1048 758 1159 845 gignis,

343 862 549 951 Argutosque
569 863 652 928 inter
670 865 776 929 latices
792 877 827 932 ,et
847 862 966 928 musica
988 861 1088 927 flabra

293 1037 295 1043 k
342 967 449 1034 Pierio
467 957 622 1056 liquidam
648 969 811 1058 perfundis
835 981 959 1034 nectare
979 979 1138 1033 mentem:

345 1071 393 1137 At
410 1097 469 1137 nos
491 1075 651 1161 congeries
676 1074 806 1139 obnubit
825 1071 949 1138 turbida
968 1095 1088 1153 rerum,

261 1189 281 1249 5
343 1177 550 1265 Ferrataeqne
569 1193 720 1268 premunt
736 1179 870 1242 milleno
890 1175 993 1243 milite
1013 1200 1115 1242 curae.

342 1284 514 1372 Legicrepi
531 1286 683 1364 tundunt,
704 1284 817 1347 latrant
831 1280 919 1363 sora,
942 1281 1067 1344 classica
1087 1277 1220 1362 turbant,

345 1391 387 1454 Et
407 1401 492 1454 trans
514 1389 680 1455 Oceanum
700 1387 866 1470 vehimur,
885 1396 1055 1474 portusque
1074 1386 1204 1450 nivosos

346 1496 431 1559 Cum
450 1504 554 1558 teneat
575 1492 696 1577 Vasco,
725 1516 784 1559 nec
804 1505 910 1582 parcat
929 1490 1085 1556 Cantaber
1105 1490 1250 1554 horrens.

343 1601 395 1664 En
417 1597 527 1686 quibus
546 1597 683 1682 indicas,
703 1613 737 1664 ut
758 1589 879 1665 crinem
900 1595 1034 1662 frondea
1052 1593 1174 1660 Phoebi

265 1720 306 1779 10
348 1703 553 1790 succingant,
573 1703 750 1792 hederaeve
771 1695 875 1768 comas
898 1700 1051 1787 augustius
1071 1699 1230 1765 umbrant.

348 1811 401 1876 En
427 1833 503 1895 qnos
523 1807 744 1876 flammantem
765 1810 869 1874 iubeas
889 1807 1023 1872 volitare
1042 1828 1100 1894 per
1121 1803 1273 1876 aethram,

348 1915 438 2001 Quin
457 1937 550 2001 mage
571 1916 714 2004 pernices
735 1915 851 2003 aquilas
878 1913 928 1978 vis
948 1912 1039 2000 pigra
1062 1907 1262 1999 elephantum

346 2023 531 2087 Praecnrret
560 2022 789 2107 volucremque
816 2013 937 2109 pigens‘
947 2017 1070 2082 testudo
1091 2015 1275 2093 molossum,

348 2126 457 2211 Quam
476 2146 535 2186 nos
556 2122 720 2188 rorifluam
741 2137 897 2188 sectemur
917 2124 1058 2188 carmine
1077 2123 1200 2190 lunam,

268 2245 308 2308 15
351 2230 413 2295 Sed
432 2242 556 2311 13111311,
576 2227 740 2310 incurvus,
760 2250 819 2314 per
838 2226 981 2313 pondera
999 2238 1102 2290 terrea
1121 2225 1233 2306 nitens,

349 2335 482 2416 Dicam,
505 2356 560 2396 cur
581 2331 663 2396 fasso
684 2331 813 2395 livescat
834 2330 969 2394 circulus
983 2329 1077 2410 orba,

350 2442 612 2527 Purpurenmque
631 2435 721 2499 iubar
741 2435 830 2499 nivei
851 2455 907 2498 cur
926 2434 1025 2498 tabeat
1045 2431 1122 2496 oris.
1175 2491 1176 2494 ,

196 2593 199 2600 ·
283 2557 289 2566 ’
350 2547 427 2612 Non
449 2543 555 2624 illam,
583 2551 616 2604 ut
635 2539 747 2627 populi
765 2539 913 2618 credunt,
933 2535 1127 2623 nigrantibus
1149 2535 1245 2599 antris

350 2645 639 2716 infernasululans
662 2642 779 2708 mulier
798 2643 945 2731 praedira
965 2644 1021 2707 snb
1042 2641 1170 2706 umbras

270 2774 312 2834 20
351 2751 498 2822 Detrahit
517 2750 654 2835 altivago
675 2771 693 2811 e
712 2749 854 2835 speculo,
883 2769 943 2812 nec
962 2747 1104 2812 carmine
1126 2744 1226 2809 victa

352 2860 416 2926 Vel
438 2879 513 2922 rore
533 2853 658 2941 Stygias
678 2853 801 2918 53111331
813 2851 984 2938 ,despumat
1004 2852 1039 2916 in
1056 2851 1179 2932 herbas,
1381 2890 1396 2920 ,

354 2961 611 3046 Vincibilemque
630 2957 706 3045 petit
733 2958 914 3044 clangorem
935 2957 1072 3045 (quippe
1091 2977 1149 3042 per
1169 2955 1318 3039 aetluzam,

354 3069 427 3156 Qua
446 3065 571 3130 citimus
590 3063 683 3128 limes
705 3062 851 3151 dispescit
873 3060 999 3126 turbida
1019 3061 1117 3149 puris,

352 3170 510 3239 Inviolata
529 3165 649 3254 meat),
669 3167 741 3248 sed,
761 3178 850 3231 vasto
872 3189 1006 3255 corpore
1024 3169 1125 3249 tellus,

272 3292 315 3354 25
357 3277 448 3362 Quae
470 3271 618 3337 medium
637 3284 719 3338 tenet
739 3273 806 3336 ima
825 3273 952 3360 polum,
975 3273 1053 3342 dum
1072 3271 1193 3337 lumina
1205 3270 1320 3336 'fratris

354 3379 483 3446 Detinet
501 3373 685 3440 umbriferis
707 3377 815 3457 metis,
841 3388 910 3440 tum
928 3375 1032 3441 sidere
1053 3399 1138 3440 casso

311 3479 516 3562 Pallescit,
537 3489 620 3542 teres
641 3479 754 3548 umbra
774 3491 861 3550 rotae
882 3479 959 3548 dum
979 3493 1112 3548 transeat
1133 3503 1226 3546 axem

357 3583 530 3674 Aggerei
517 3583 616 3648 velox
634 3583 747 3648 tumuli
754 3584 972 3674 ,speculoque
990 3585 1105 3654 rotanti

354 3675 519 3758 Fraternas
538 3674 661 3806 reparet
677 3711 735 3777 per
757 3687 882 3792 coelum
906 3683 1006 3756 libera
1024 3677 1181 3794 flammas.

275 3817 317 3880 30
359 3796 420 3864 Sed
443 3792 514 3902 quia
533 3793 617 3886 mira
636 3804 743 3882 putas,
764 3781 836 3876 cui,
858 3816 931 3884 cum
951 3795 1001 3882 vis
1022 3783 1164 3886 maxima
1185 3768 1269 3864 solis

358 3903 413 3970 Bis
434 3893 545 3963 novies
567 3886 670 3961 maior
692 3877 817 3998 clueat
811 3883 905 4002 quam
924 3906 1044 3966 terreus
1065 3877 1184 3984 orbis,
1249 3943 1254 3984 5

289 4009 438 4074 Non
446 4000 696 4088 circumcingat
702 3987 861 4104 terrestres
870 3985 1007 4072 lumine
1022 4019 1135 4096 1113135,
1185 4069 1202 4087 1,
1215 3981 1262 4077 ¹¹⁴,-

360 4099 454 4178 soie
472 4117 580 4172 ratum
599 4106 751 4174 1ationis
749 4097 836 4200 opus.
878 4095 1027 4197 Namque
1046 4089 1175 4202 adqpice
1190 4085 1365 4201 Phoebum,

360 4218 468 4300 Quam
487 4210 631 4276 sublimis
651 4224 699 4276 eat
722 4235 865 4278 convexa
885 4238 943 4302 per
962 4236 1056 4280 aurea
1075 4209 1199 4296 1111111111,
1246 4268 1250 4276 ,

277 4335 319 4400 35
362 4320 532 4404 Quamque
552 4315 710 4382 humilem
737 4330 855 4382 terram
878 4314 1039 4381 collustret
1060 4315 1205 4380 curribus
1225 4315 1304 4381 altis.
1402 4321 1406 4326 ’
