2994 4828
785 204 835 274 80

333 410 374 463 17.
390 391 496 463 plectra
514 388 636 457 Thaliae]
650 389 769 459 plecti-at
785 389 859 442 aliae
875 389 948 442 Thu.

334 485 375 536 18.
395 500 465 544 rear,
482 479 548 548 qua]
566 497 613 528 ms.
631 477 711 529 Selm.
730 496 792 529 rear
809 497 890 548 quam
906 496 955 528 me.
973 477 1052 530 Voss.
1071 496 1131 532 reor
1148 497 1205 550 qua
1222 463 1299 536 mite
1313 497 1368 549 mg.

265 593 333 642 reor,
348 589 404 643 qua
419 573 508 636 vulgo.
526 565 654 619 Werrmd.
672 585 740 630 reor,
757 583 826 635 quae
842 565 942 618 Anton.
960 584 1022 618 reue
1038 585 1121 637 quam
1137 568 1210 640 The.

333 656 375 730 19.
393 661 423 712 in
440 655 559 724 miseret]
576 657 605 706 in
622 656 719 706 misero
736 671 783 704 me.
803 651 882 707 Voss.
901 653 974 706 Thu.

397 745 508 814 amoris]
526 751 649 796 amanter
664 741 698 791 Β.
715 740 792 808 prob.
809 740 936 795 Werned.

331 856 365 894 :ro
381 846 409 890 et
424 854 469 890 21.
487 851 520 886 ex
535 828 614 882 Vom-
632 827 714 880 Selm.
730 828 804 881 Thu.
821 832 924 900 recepi,
947 849 1081 901 quotuor
1097 833 1154 886 eine
1172 849 1248 886 crura
1263 834 1369 904 ineptos

264 927 518 1082 ν0081111011117111101]
536 1007 607 1063 Thu.
623 1005 702 1058 Salm.
726 1014 796 1057 terte
813 1005 985 1060 Boiseonedio
1009 1009 1042 1060 ari
1058 1007 1169 1064 Nicetee
1185 1008 1234 1064 lib.
1252 1009 1288 1064 11.
1307 1011 1368 1064 141.

262 1102 378 1158 debellet
394 1100 466 1152 Thu.
485 1097 591 1164 Silligii.
608 1095 689 1150 Voss.
707 1094 784 1147 Conf-
800 1097 883 1148 Anth.
901 1096 952 1150 111.
970 1096 1012 1166 59,
1029 1113 1055 1164 7.

329 1205 373 1243 11.
392 1186 447 1255 eor]
466 1198 494 1240 et
508 1205 592 1258 grave
608 1204 669 1239 mss.
686 1182 765 1236 Vere.
782 1184 861 1238 sitm.
880 1183 953 1240 Τ1111.

394 1275 458 1342 atii]
477 1286 527 1326 aut
543 1293 590 1326 mr·
607 1273 687 1326 Salm.

328 1365 374 1420 25.
386 1364 481 1436 fuget]
492 1360 575 1432 sugit
590 1380 638 1415 ms.
655 1361 734 1414 Voss.
747 1357 834 1431 fuget
848 1375 903 1426 mg.
919 1379 968 1412 1111.
985 1360 1065 1415 811111.
1079 1365 1178 1436 fulget
1193 1363 1265 1416 Thu.

395 1452 439 1520 ne]
456 1470 489 1504 ne
507 1461 588 1502 tanta
599 1451 700 1522 puriter
716 1449 848 1501 violentia
872 1448 966 1503 nerbor
990 1455 1099 1508 dirricit
1120 1457 1210 1523 adque
1229 1463 1293 1504 tuae
1316 1467 1365 1502 ms.

262 1543 341 1600 Salm.
358 1559 407 1594 nee
423 1539 512 1607 vulgo.

327 1629 371 1683 et.
391 1639 506 1680 tuae-
523 1626 631 1694 caueae]
651 1637 700 1678 tua
715 1654 752 1666 —-
768 1641 852 1680 caure
869 1623 990 1679 warner.

328 1733 373 1786 ²7·
391 1715 499 1782 ealtem]
517 1717 611 1768 saltim
629 1733 677 1769 me.
695 1713 773 1767 Voss.

328 1806 372 1860 28.
390 1815 423 1858 ut
439 1804 507 1873 iam]
525 1805 633 1858 utinam
650 1805 677 1860 d.
696 1803 783 1859 nibeis
799 1822 846 1858 me·
865 1802 943 1857 Salm.

777 2001 860 2078 184·

327 2143 389 2198 Duo
410 2142 527 2196 Petronii
553 2142 765 2213 epigrammatum
793 2142 935 2210 scriptores
960 2140 1084 2208 distingui
1108 2138 1221 2192 debent:
1249 2138 1317 2190 alter
1340 2141 1368 2194 G.

260 2236 405 2291 Petronius
420 2231 532 2285 Arbiter
547 2232 695 2302 Afranius,
712 2241 743 2284 ut
758 2250 806 2283 me.
824 2231 919 2296 Scalig.
938 2231 1042 2282 nomina
1064 2229 1174 2280 exhibet
1195 2230 1223 2280 in
1245 2228 1294 2280 lib.
1318 2227 1366 2278 Ill.

263 2323 332 2389 126„
347 2339 397 2373 nee
414 2319 479 2371 alius
494 2320 544 2372 nisi
560 2321 668 2390 Satyrici
686 2322 798 2389 scriptor
815 2319 853 2370 ibi
871 2318 1041 2384 intelligitur,
1059 2333 1117 2367 eum
1133 2319 1252 2370 versibus
1270 2318 1368 2370 exilio

168 2434 171 2456 t
261 2426 344 2477 opere
375 2407 504 2475 excerptis
527 2408 580 2458 hoc
611 2408 725 2458 auctoris
750 2425 847 2458 nomen
871 2407 1018 2473 inponetur·
1060 2403 1138 2454 Alter
1163 2415 1203 2457 est
1224 2409 1370 2459 Petronius

260 2498 408 2566 Antigenie
423 2484 614 2558 Piearmeusir,¹
626 2494 660 2546 de
677 2512 729 2562 quo
747 2494 836 2544 Burm·
856 2491 883 2544 in
899 2492 970 2542 Atid·
989 2489 1024 2541 T.
1042 2492 1064 2543 Ι.
1082 2510 1111 2560 p.
1131 2495 1191 2564 740.
1210 2495 1281 2548 dicit.

328 2581 450 2636 Anth.1.
469 2598 512 2651 90.
530 2584 574 2634 De
592 2583 686 2635 l'etide
702 2600 749 2633 ms.
769 2581 840 2632 Thu.

328 2690 355 2726 2.
370 2668 554 2742 puerperium]
571 2669 591 2719 i.
611 2687 635 2722 e.
653 2670 734 2722 infans
750 2687 840 2723 reeens
858 2668 953 2737 editus,
969 2667 1158 2736 Wiegenlrind.

327 2761 354 2815 4.
375 2762 404 2814 in
421 2751 550 2834 membris¹
562 2757 658 2827 tincti]
675 2778 729 2812 non
746 2761 828 2814 tincti
842 2758 888 2810 vel
905 2759 975 2814 teeti
992 2757 1103 2814 membri
1126 2759 1172 2815 vel
1195 2774 1248 2811 nen
1272 2757 1368 2812 tinctis

261 2847 385 2908 membris
401 2847 576 2916 Oudendorp.

375 2935 475 3006 lorum]
491 2936 558 2988 taluc
572 2934 686 2990 Achillia
704 2935 783 2989 morti
801 2953 885 2990 ansam
902 2934 986 2991 dedit.

773 3132 855 3209 185·

327 3276 409 3330 Anth.
426 3274 450 3328 1.
469 3285 512 3346 99.“
537 3274 658 3344 „Incerti
664 3307 674 3340 ‚
697 3282 742 3334 et,
765 3281 798 3323 ut
814 3269 883 3321 milri
899 3269 1023 3338 vitetur,
1047 3275 1225 3329 recentissimi
1246 3279 1373 3330 auctoris

261 3383 369 3416 carmen
394 3372 435 3414 eet
458 3364 496 3413 de
515 3363 574 3414 Tel
581 3361 687 3429 epho“
707 3357 858 3413 Weiehert.
876 3358 904 3412 iu
921 3358 1000 3410 Poet.
1018 3361 1063 3415 lat.
1083 3361 1144 3415 Rel.
1162 3379 1190 3430 p·
1213 3379 1273 3416 201·
1296 3366 1375 3416 scri-

260 3451 309 3504 bit.
344 3452 388 3502 De
406 3449 500 3520 Teleso
516 3467 564 3502 ms·
582 3447 654 3500 Thu.
673 3447 751 3516 8071.

333 3551 357 3588 1.
375 3537 494 3606 Alcidir]
510 3539 627 3591 Alcidae
643 3536 680 3586 Η.

326 3645 352 3680 2·
371 3637 497 3678 externae
512 3626 606 3694 cortis]
625 3625 729 3677 externi
744 3626 848 3679 Martis
864 3624 901 3679 Η.

325 3713 352 3765 4.
369 3713 571 3781 litus—cuum]
587 3714 607 3766 i.
625 3729 651 3764 e.
669 3710 794 3781 Telephi.

327 3801 353 3855 5.
372 3800 523 3868 occurrens]
542 3813 682 3854 occurrent
696 3831 732 3842 -
746 3820 841 3874 pugna
858 3797 937 3855 acilii
952 3800 1025 3854 Tlru.
1468 3839 1470 3876 1

326 3887 352 3940 6.
371 3888 478 3956 Scyria]
495 3887 532 3940 Η.
557 3889 681 3943 Oudend.
704 3891 737 3942 Β.
761 3890 853 3960 Scyria
870 3889 943 3942 herta
965 3890 996 3942 ab
1014 3890 1136 3960 Achille,
1162 3893 1207 3963 qui
1231 3891 1259 3945 in
1283 3891 1370 3945 insule
1468 3887 1470 3952 ξ

257 3977 339 4048 Scyro
356 3975 465 4028 latebat.
490 3980 574 4047 Syria
590 3999 638 4032 ms.
656 3979 734 4033 Vors-
753 3979 824 4031 Thu·
914 4023 916 4028 .

371 4065 501 4134 perculit]
518 4084 579 4118 mes·
597 4068 703 4121 Salmas.
716 4067 788 4120 Thu.
806 4065 884 4120 Voce·
896 4069 1020 4139 percutit
1035 4068 1126 4138 vulgo·
1161 4068 1277 4138 Tempus
1288 4085 1373 4137 prac-

256 4157 363 4210 teritum
381 4153 477 4206 ceteris
494 4157 644 4221 praeteritis
661 4157 756 4209 melius
775 4157 906 4209 convenit.

324 4245 350 4296 8.
369 4242 432 4314 quo]
450 4260 497 4293 ms.
516 4240 596 4293 Salm.
620 4251 689 4296 teste
711 4235 868 4300 ae'ruarore
892 4243 1066 4301 Boirronadio
1088 4247 1123 4303 ed
1138 4247 1247 4303 Nicetee
1269 4246 1374 4298 librum

256 4331 304 4384 111.
325 4332 383 4385 251.
401 4359 436 4370 -
453 4332 527 4402 quod
542 4331 630 4397 vulgo.
