2994 4828
609 237 813 340 „29”-

164 434 270 488 traduut
285 431 335 486 viri
351 429 431 498 docti,
447 436 542 496 unam
559 426 632 499 quod
647 424 763 478 Martidi
778 424 832 478 boc
857 424 1012 494 epigramma
1033 423 1138 478 tribuit:
1169 423 1266 480 Seneca

103 552 108 561 ·
165 523 235 576 euim
252 520 284 572 0.
307 519 402 572 Licinii
415 511 494 572 'Calvi
516 533 573 570 esse
598 523 708 570 testatur
730 515 759 566 in
782 513 909 566 Coutror.
932 513 981 590 libs
1003 513 1052 566 111.
1077 510 1195 568 controv.
1222 534 1265 588 19.

163 627 192 680 p.
209 609 273 677 257:
290 609 417 661 carmina
435 623 540 678 quaque
559 605 646 672 calvi,
664 603 790 674 quamvis
806 603 867 654 iaco
883 602 954 669 aiut,
967 602 1052 672 plena
1067 615 1133 657 suut
1148 607 1267 680 irgentia

164 698 258 750 animi·
292 697 372 750 Dicit
387 695 421 748 de
436 692 580 764 Pompeia.-

129 784 132 792 '
778 782 859 856 digito
879 794 958 854 eaput
978 803 1030 838 uno

325 869 444 944 dcclvii-⁸
484 868 555 943 Quid
574 868 664 922 credat
684 866 754 922 hatto
773 867 823 920 sibi
842 865 927 922 selle?
950 871 1050 924 Virum.
1103 909 1132 950 l

162 968 240 1022 Alter
255 967 331 1022 illius
356 983 431 1018 error
447 981 503 1016 esse
521 963 632 1031 dicitur,
655 965 728 1033 quod
744 981 777 1018 ex
793 962 920 1019 memoria
943 972 972 1016 et
986 964 1052 1018 talto
1077 963 1183 1033 quidem
1208 966 1267 1036 apia

162 1055 306 1122 grammatic
322 1055 404 1106 verba
423 1051 497 1104 citet.
533 1051 649 1119 Scaliger
666 1051 734 1104 enim
750 1068 800 1121 pro
817 1050 873 1104 illis

325 1147 456 1217 Magnas,
480 1162 557 1216 quem
576 1153 693 1199 metuunt
711 1145 828 1200 homines

162 1241 235 1294 aliud
249 1240 459 1308 supplementum
475 1256 509 1293 ex
525 1238 660 1294 Ammiano
676 1239 835 1294 Marcellino
850 1237 944 1310 XVII,
965 1245 1023 1309 ²105
1046 1240 1094 1295 ubi
1117 1241 1153 1294 de
1175 1239 1268 1294 obtre-

163 1329 303 1380 ctatoribus
318 1328 439 1397 Pompeii
455 1328 548 1396 agitur,
566 1328 723 1397 exploravit:

325 1423 486 1480 Fasciala
506 1424 565 1496 qai
584 1439 680 1478 arura
700 1421 805 1496 ligat,
830 1423 910 1496 eligito
932 1436 1083 1496 capistrata

385 1509 491 1582 scalpit·
536 1511 606 1582 Quid
626 1511 716 1582 credas
736 1510 806 1562 tuna
826 1509 877 1562 sibi
895 1507 981 1564 cells?
1005 1511 1108 1565 Virum0'

162 1608 201 1660 Ac
227 1605 351 1676 scaligeri
384 1609 560 1662 coniecturam
584 1606 748 1659 scholiastae
777 1608 933 1660 audofitate
957 1606 1162 1676 probabiliorem
1183 1603 1268 1657 multo

58 1700 64 1710 “
163 1712 227 1764 esse,
243 1713 327 1766 nuper
344 1697 524 1751 Weichertius
545 1710 652 1762 quoquo
668 1693 696 1746 in
712 1694 793 1746 Poet.
810 1693 832 1744 1.
850 1692 914 1747 Rel.
932 1711 960 1762 p.
981 1695 1039 1747 135.
1057 1691 1201 1746 affirmarit.

232 1800 257 1836 a.
267 1783 378 1850 'omnesl
393 1785 515 1836 lomim
531 1780 685 1834 Scholiasta
1199 1795 1200 1800 ¹

687 1946 747 2022 72.

190 2057 193 2064 ’
229 2087 313 2141 anau.
333 2083 369 2140 n.
391 2083 435 2139 ss.
461 2086 496 2141 aa
517 2080 638 2139 saetosa
660 2083 735 2139 caes.
760 2083 805 2156 49.
848 2083 925 2140 conr.
950 2085 1097 2142 weram.
1113 2047 1195 2140 rsa.
1219 2083 1269 2138 us
1381 2045 1383 2050 ’

162 2175 226 2229 nol.
242 2193 271 2246 p.
291 2176 349 2229 151.
849 2169 853 2178 ’

226 2427 310 2482 Anth.
327 2429 362 2484 Π.
379 2431 439 2500 2373
474 2427 513 2482 Hi
528 2424 741 2495 hendecasyllabi
758 2425 829 2494 apud
844 2423 1001 2480 Suetonium
1019 2426 1053 2479 de
1068 2425 1165 2480 illustr.
1183 2427 1269 2494 grant·-¹

160 2523 222 2568 ruet.
241 2535 264 2568 c.
277 2531 326 2568 tr.
344 2518 522 2586 legantem-
538 2515 660 2568 Valerius
676 2514 744 2567 Cato
760 2514 827 2568 mals
843 2517 943 2570 ratione
959 2514 1064 2569 rireudi
1080 2515 1190 2592 praedia
1204 2532 1270 2583 per-

161 2603 239 2656 didit.
273 2605 369 2658 Furius
386 2615 467 2676 poeta
484 2621 585 2658 causam
609 2601 770 2670 paupertatis
794 2603 851 2656 eius
868 2604 1032 2656 dissimulans
1052 2605 1198 2657 admirabili
1216 2604 1269 2656 Ca·-

159 2701 249 2743 tonem
272 2693 312 2743 uti
336 2695 462 2763 sapientia
486 2693 565 2758 dicit,
589 2690 634 2758 qui
660 2690 789 2757 quondam
810 2691 945 2760 pulchram
970 2692 1075 2744 domum
1099 2703 1127 2744 et
1148 2691 1269 2760 egregios

160 2775 310 2844 possederit
325 2779 426 2846 hortos,
441 2797 510 2832 nunc
525 2785 624 2830 mutato
646 2777 755 2828 consilio
773 2780 844 2831 omni
861 2780 935 2830 cultu
951 2780 1092 2842 abstineat,
1112 2780 1186 2831 tenui
1205 2796 1269 2830 cou-

160 2873 248 2916 teutus
264 2865 345 2918 victu.
380 2865 453 2920 Haec
469 2865 652 2935 interpretatio
670 2883 727 2917 cum
743 2866 861 2936 sequenti
884 2866 911 2918 iu
933 2868 1046 2918 eundem
1064 2865 1194 2917 Catonem
1210 2865 1269 2934 epi-

161 2963 299 3019 grammate
318 2956 464 3006 consentire
489 2955 607 3007 ridetur.
641 2953 731 3004 Aliter
752 2951 882 3005 iudicavit
898 2951 1081 3007 Weichertius
1106 2953 1134 3004 in
1150 2953 1228 3004 Poet.
1247 2953 1268 3004 1.

106 3106 111 3116 Ι
161 3041 225 3092 Rel·
244 3058 272 3109 p.
291 3042 369 3106 eta,
393 3041 440 3110 qui
456 3059 561 3094 versum
578 3039 695 3107 quintum
721 3038 756 3090 de
780 3039 919 3094 intellectu
944 3043 1037 3096 artium
1056 3040 1160 3092 Catonis
1178 3039 1271 3108 accipit

162 3127 265 3181 dicens:
283 3132 394 3182 Catonis
405 3103 535 3183 ,hortulis
546 3129 677 3200 'quamvis
693 3129 808 3198 exiguus
819 3129 950 3199 plurimis
967 3141 1081 3184 ornatas
1097 3139 1157 3180 erat
1169 3128 1270 3198 Priapi

162 3217 327 3282 simulacris,
345 3235 423 3288 qaam
439 3219 510 3271 artis
529 3217 685 3269 statuariae
702 3234 819 3268 amorem
844 3227 873 3270 et
888 3219 1032 3272 scientiam
1049 3219 1166 3270 miratur
1181 3216 1270 3270 Bido-

161 3303 240 3356 culas
256 3305 286 3355 in
302 3306 409 3360 homine
427 3318 484 3361 tam
502 3323 631 3379 paupere.
647 3304 728 3388 xNon
744 3304 825 3356 rideo
842 3323 913 3372 sane,
932 3307 1064 3376 quomodo
1081 3306 1111 3372 is,
1129 3305 1174 3374 qui
1191 3304 1273 3358 Pria·¹
1299 3311 1302 3318 ’

160 3408 209 3460 pos
225 3391 314 3458 habet,
332 3394 367 3446 ob
384 3395 446 3448 artis
464 3397 579 3448 studium
596 3394 697 3447 laudari
712 3394 809 3463 possit:
832 3396 920 3465 Priapi
944 3397 1011 3450 enim
1027 3412 1170 3463 numquam
1187 3411 1271 3469 ave-

154 3480 265 3566 xteribus
281 3481 351 3534 iuter
368 3485 429 3538 artis
446 3494 612 3538 monumenta
630 3493 825 3552 enumerantur,
841 3483 861 3536 ii
883 3487 1054 3553 praesertim,
1077 3484 1122 3554 qui
1139 3484 1168 3536 iu
1184 3483 1270 3536 hortis

160 3565 295 3622 volucrum
313 3587 390 3624 causa
405 3573 469 3641 poni
485 3572 619 3640 solebant,
652 3574 701 3626 sed
723 3577 830 3625 munera
852 3583 912 3625 suut
927 3573 1067 3650 lasciviae,
1084 3581 1112 3625 et
1128 3572 1164 3638 is,
1181 3573 1270 3646 quiin

160 3670 249 3712 museo
266 3660 369 3728 multos
378 3660 461 3712 habet
475 3662 594 3730 Priapos,
610 3679 663 3715 non
678 3679 728 3732 pro
744 3650 847 3716 artifice⁸
857 3661 903 3715 rel
918 3657 1081 3717 aestimatore
1097 3661 1209 3732 artium2
1221 3661 1270 3716 sed

160 3759 209 3810 pro
225 3745 321 3800 lascivo
337 3747 448 3801 homine
461 3751 616 3804 haberetur.

229 3849 253 3884 a.
267 3831 521 3906 forte-Catonis]
537 3837 648 3908 sere-
663 3841 780 3894 catotini
795 3855 844 3892 ma·
862 3837 951 3906 Sillig.
968 3839 997 3893 iu
1011 3840 1084 3894 lehn.
1102 3840 1171 3896 Anu.
1192 3841 1267 3898 1828.

227 3938 254 3974 α.
275 3925 370 3992 minio]
388 3927 471 3980 nimio
491 3928 592 3980 arsilas
610 3939 638 4003 et
654 3928 739 3998 cylior
755 3929 794 3982 ib.

227 4011 254 4063 5.
274 4015 395 4067 custodis
417 4035 446 4069 v·
473 4015 595 4069 hortulos
616 4017 728 4088 Priapi]
751 4034 812 4068 mss.
837 4014 990 4087 artolosque
1012 4016 1071 4088 lapi
1092 4035 1139 4068 ms.
1162 4012 1268 4080 Silligii.

159 4101 275 4154 Hortuli
290 4120 343 4155 non
360 4103 442 4158 maius
458 4112 565 4169 sonant,
583 4122 659 4173 quant
676 4106 823 4159 sibertum
840 4105 958 4158 dixisset.
994 4102 1070 4156 Cous.
1088 4104 1197 4167 Baumg·
1222 4101 1267 4153 Cr.

159 4213 195 4226 -
212 4192 336 4242 custodes
356 4211 384 4245 ν.
410 4187 514 4246 hortuli
534 4195 653 4263 Priapos
676 4192 771 4262 Scalig.
795 4195 827 4246 F.
845 4192 880 4245 Α.
900 4192 983 4248 Wolf.
1008 4192 1154 4246 Weichert.
1177 4189 1267 4258 vulgo.

159 4279 304 4338 „casuue
318 4282 419 4350 Priapi
444 4281 541 4333 dicitur
562 4299 611 4351 pro
629 4266 738 4336 iustode
754 4285 872 4356 Priape,
897 4291 925 4334 et
949 4283 976 4336 in
999 4281 1057 4348 ipso
1079 4279 1131 4331 hoc
1153 4278 1268 4346 genitivo

161 4362 230 4415 inest
244 4363 348 4436 lepos.“
366 4397 401 4410 —
420 4368 567 4438 Baumgatt.
