3002 4816
536 181 545 190 ’
598 215 804 318 „err-

656 407 742 487 665·

596 523 807 611 Marsyas.

233 635 337 703 Aiirio
360 636 463 703 victus
488 637 644 727 dependet
668 639 804 725 Marsya
824 657 917 702 ramo
966 661 967 664 ¹

274 741 475 827 Nativusque
495 742 610 830 probat
630 754 759 829 pectora
783 753 870 806 tensa
890 740 1000 804 rubor.

232 843 337 910 Docta
358 868 472 912 manus
494 847 602 914 varios
623 844 766 933 lapidem
793 845 920 908 limavit
940 844 973 908 in
998 857 1094 912 artus.

276 947 416 1016 Arboris
438 965 530 1040 atque
549 951 693 1018 hominis
715 949 822 1038 fulgor
844 951 883 1016 ab
905 950 1017 1016 artifici
1039 965 1094 1018 est.

655 1123 742 1203 666.

575 1238 832 1306 Narcissus.

232 1350 325 1414 Dum
347 1363 433 1438 putat
455 1375 522 1417 esse
544 1376 659 1443 parem
680 1353 793 1422 vitreis
814 1353 982 1418 Narcissus
1007 1351 1039 1416 in
1061 1352 1165 1434 undis,

273 1454 369 1520 *Solus
389 1479 503 1524 amore
523 1459 626 1546 perit,
643 1459 725 1526 dum
744 1469 832 1546 putat
854 1481 920 1522 esse
943 1479 1068 1546 parem.

660 1647 747 1728 667·

232 1772 341 1839 Ardet
358 1793 474 1837 amore
494 1770 543 1836 sui
564 1767 703 1856 flagrans
722 1769 891 1836 Narcissus
916 1770 950 1836 in
971 1767 1075 1854 undis,
1143 1761 1150 1793 ¹

233 1881 234 1886 ’
274 1881 361 1944 Cum
380 1877 481 1941 modo
501 1877 669 1966 perspicua
689 1899 724 1942 se
745 1877 922 1964 speculatur
941 1898 1032 1962 aqua.

549 2073 553 2078 '
660 2051 744 2132 668.

232 2171 378 2260 Suspirat
398 2172 549 2260 propriae
570 2174 739 2242 Narcissus
761 2174 873 2262 gaudia
895 2171 1031 2254 formae,

274 2279 383 2362 Quem
403 2274 540 2342 scrutata
565 2281 628 2346 suis
653 2281 791 2347 vultibus
813 2279 900 2346 unda
923 2277 1048 2348 domat„

652 2464 737 2552 669.

572 2577 828 2674 Narcissus.

234 2711 380 2776 Candida
400 2735 458 2798 per
479 2712 600 2776 silvam
621 2714 791 2800 primaevo
812 2714 893 2778 flore
915 2711 1061 2775 iuventus

230 2815 376 2880 Adsidue
398 2815 560 2894 veniebat3
588 2814 635 2879 ibi
655 2818 733 2882 haec
753 2814 898 2882 coelestia
920 2813 1004 2876 dona

233 2923 275 2985 Et
296 2917 399 2982 sontes
421 2942 528 2984 sacros
550 2920 668 3007 insigni
689 2921 782 2985 laude
804 2917 925 2984 serebat
1004 2937 1008 2946 ‘

234 3023 371 3108 Insignis
392 3019 487 3103 facie,
509 3023 707 3110 lpngumque
726 3023 854 3087 bibebat
875 3041 1033 3101 amorem,

146 3145 167 3206 5
232 3131 373 3194 Intentos
399 3127 536 3190 volvens
559 3127 666 3190 oculos
687 3143 814 3190 secmus
841 3125 1023 3191 Amorum.

227 3234 321 3298 Dum
343 3243 446 3319 stupet
473 3243 564 3318 atque
586 3230 732 3296 animum
753 3230 878 3318 pictura
903 3229 1002 3318 pascit
1022 3225 1121 3306 inani,
1195 3285 1197 3292 .

231 3335 365 3425 Expleri
388 3349 530 3400 mentem
552 3336 663 3424 nequit
684 3336 885 3424 ardescitque
911 3333 1030 3400 tuendo

229 3442 408 3528 Egregium
431 3440 537 3507 forma
559 3440 727 3520 iuvenem,
751 3467 846 3534 quem
866 3439 1022 3526 Nympha
1043 3445 1174 3518 crearat,

233 3548 286 3611 Sic
309 3548 436 3620 oculos,
460 3546 581 3611 sicilie
602 3569 733 3630 manus,
753 3547 800 3612 'sie
821 3570 878 3612 ora
899 3544 1029 3608 ferebat.

146 3668 188 3726 10
232 3652 292 3716 His
318 3672 411 3716 amor
433 3676 515 3718 unus
540 3664 606 3717 erat
613 3679 624 3734 3
647 3654 742 3717 dorso
764 3653 843 3718 dum
864 3649 980 3738 pendet
1000 3647 1122 3734 iniquo,

230 3754 401 3821 Oblitusve
421 3757 472 3821 sui
494 3769 557 3838 est,
578 3770 608 3822 et
626 3757 779 3822 'membra
802 3756 918 3828 decora
938 3753 1089 3818 iuventae

185 3943 188 3950 Ι
227 3860 367 3926 Miratur
388 3885 563 3947 rerumque
580 3862 712 3948 ignarus
739 3861 883 3947 imagine
899 3861 1024 3945 gaudet.

227 3965 321 4030 Ilicet
341 3964 424 4050 ignis
447 3965 530 4030 edax
549 3966 662 4030 secreti
686 3965 725 4029 ad
749 3963 895 4029 fluminis
916 3963 1016 4026 undas

115 4059 116 4062 ¹
227 4069 330 4157 Ipsius
352 4069 387 4133 in
409 4071 501 4134 vultu
522 4091 605 4134 vana
626 4091 682 4156 spe
702 4069 778 4133 lusit
802 4081 973 4150 amantem,

146 4185 187 4246 15
231 4176 273 4238 Et
293 4194 444 4260 praeceps
468 4174 570 4238 animi
592 4176 676 4239 collo
699 4175 775 4240 dare
796 4173 925 4248 brasbia
947 4172 1069 4236 circum

226 4279 295 4342 Ter
317 4293 447 4349 conatus
469 4292 553 4363 erat,
575 4301 651 4364 nec,
673 4277 749 4366 quid
770 4290 927 4366 speraret,
948 4276 1092 4340 habebat.
