2992 4826
620 291 622 294 ·
696 221 902 325 Δ...

772 422 836 496 71.

639 523 676 591 G.
703 523 840 594 Liainii
864 525 964 596 Calvi

596 629 624 682 in
641 629 689 686 Cn.
706 631 861 700 Pompeium
877 632 1008 702 Magnum.

310 724 462 808 Magnus,
483 739 580 806 quem
600 731 747 784 metuunt
768 743 901 801 omnes,
923 719 1022 806 digito
1044 733 1135 810 caput
1156 743 1221 788 uno

352 824 481 916 Scalpit.
523 822 614 911 Quid
636 823 721 888 dicas
741 821 827 889 huno
847 823 911 890 sibi
931 825 1041 893 velle?
1083 825 1215 892 Virum.

642 1078 680 1146 C.
702 1077 840 1145 Licinii
859 1079 958 1149 Calvi

548 1235 552 1242 ,
669 1185 698 1236 in
715 1183 767 1238 Iul.
785 1185 930 1239 Caesarem.

986 1272 1139 1362 Bithynia
1161 1274 1314 1365 quidquid

470 1379 512 1445 Et
532 1377 714 1468 paedioator
733 1376 877 1443 Caesaris
899 1399 1054 1466 umquam
1075 1379 1193 1446 habuit.

611 1635 666 1702 M.
686 1523 986 1702 Furiigbibaouli

530 1740 557 1790 in
575 1737 712 1794 Valerium
728 1739 855 1793 Catonem
870 1725 1087 1810 grammaticum}

408 1840 443 1906 Si
464 1837 533 1925 quis
555 1836 640 1904 fo1te
659 1839 727 1905 mei
748 1839 885 1904 domum
906 1837 1046 1920 Catonis,

405 1945 555 2030 Depiotas
576 1944 680 2009 minio
702 1944 820 2011 assulas
841 1956 872 2008 et
892 1944 965 2008 illos

405 2044 553 2110 Custodis
574 2045 663 2112 videt
683 2050 828 2114 hortulos
849 2045 970 2134 Priapi,

404 2149 560 2232 Miretur,
583 2152 696 2236 quibus
717 2153 773 2215 ille
795 2151 972 2236 disciplinis

405 2253 546 2318 Tantam
567 2253 608 2317 sit
626 2256 817 2346 sapientiam
837 2253 1007 2326 adsecutus,

406 2357 516 2444 Quem
537 2369 599 2422 tres
624 2358 771 2424 cauliculi
794 2369 825 2423 et
842 2355 959 2422 selibra
979 2353 1100 2441 farris,

404 2462 539 2528 Raeemi
560 2463 623 2529 duo
647 2466 752 2552 tegula
775 2461 834 2528 sub
855 2483 918 2526 una

405 2565 462 2632 Ad
482 2591 647 2636 summam
668 2593 771 2661 prope
791 2566 932 2636 nutriant
952 2574 1124 2634 satteotam.¹

607 2841 661 2909 M.
687 2839 794 2908 Furii
816 2835 982 2906 Bibacul'

523 2946 552 2998 in
569 2943 706 3000 Valerium
723 2947 850 3000 catonem
872 2945 1073 3012 grammaticum·

407 3044 537 3109 Catonis
558 3044 676 3128 modo,
699 3044 810 3129 Galle,
832 3043 1053 3110 Tusettlanum

407 3149 492 3220 Tota
513 3149 651 3219 creditor
671 3146 754 3215 urbe
772 3147 966 3214 venditabat.

406 3253 520 3320 Mirati
539 3277 667 3336 sumus,
689 3253 824 3316 unicum
844 3252 1045 3337 magistnun,

408 3357 583 3422 Summum
603 3355 861 3445 grammaticum,
884 3356 1045 3444 optimum
1062 3371 1189 3446 poetam

407 3460 527 3528 Omnis
547 3465 676 3529 solvere
695 3483 789 3552 posse
810 3458 1016 3546 quaestiones,

406 3563 520 3628 Unum
542 3566 678 3632 deficere
698 3563 850 3653 expedire
871 3587 1004 3630 nomen.
1075 3613 1080 3630 t

407 3668 461 3733 Eu
482 3692 538 3736 cor
559 3671 735 3759 Zenodoti,
758 3693 799 3734 eu
819 3668 907 3748 iecur
929 3669 1079 3740 Cratetis!

470 3904 479 3920 f
601 3927 667 4014 [M.
688 3817 993 4016 Furb5bibboutli]

516 4033 544 4086 in
566 4032 700 4089 Valerium
724 4035 850 4090 Catonem
880 4035 1079 4103 grammaticum.

408 4149 489 4215 Cato
508 4154 751 4240 grammaticus,
771 4155 868 4222 latina
889 4151 995 4241 Siren,

409 4253 475 4342 Qui
493 4256 579 4336 solus
600 4257 676 4346 legit
696 4281 733 4326 ao
752 4258 829 4327 facit
849 4271 967 4351 poetae.
1029 4339 1031 4346 y
