3000 4820
744 237 833 306 110*

291 422 432 490 Solverit
450 432 502 486 aut
521 419 652 507 Libyco
673 443 770 508 quam
788 423 885 488 laetus
903 424 1013 491 navita
1033 430 1139 515 portu.
1165 496 1176 510 ,

292 525 502 606 Sed-forsan,
525 545 603 610 quae
624 527 699 611 sint,
724 551 808 614 quae
830 531 1078 616 poscammala,
1099 535 1268 620 requiras*

289 633 486 720 Illafprecor
506 631 630 717 mittas,
656 633 757 721 spisso
780 633 892 720 quibus
914 647 980 702 ana
1001 636 1147 704 cohaeret

207 761 213 769 ¹
292 739 479 804 Grancrum
500 733 602 802 fetura
622 740 701 819 situ,
729 735 900 824 castrisque
920 740 1062 806 sedentes

227 857 270 922 15
290 845 336 908 Ut
357 840 511 928 quaedam
531 854 672 926 turmae,
693 843 781 908 socio
802 843 882 908 latus
902 846 1030 930 agmine
1051 847 1215 933 quadrant,

288 943 565 1034 Multiplicemque
585 948 713 1014 trahunt
731 969 791 1035 per
811 960 920 1014 mutua
941 951 1063 1016 vellera
1083 955 1213 1040 pellam,

291 1050 386 1120 Unde
406 1051 505 1138 ligant
525 1065 653 1121 teneros
673 1054 823 1120 examina
842 1055 993 1122 flammea
1020 1078 1129 1123 casses.

289 1157 402 1239 Tunc,
424 1179 466 1220 ne
486 1180 594 1244 pressa
612 1159 705 1244 gravi
724 1159 782 1224 sub
805 1161 949 1246 pondere
970 1183 1068 1248 grana
1088 1162 1275 1249 liquescant,

288 1261 440 1332 Divisere
461 1261 592 1346 domos,
613 1277 644 1329 et
663 1265 805 1352 pondera
827 1265 968 1353 partibus
987 1278 1131 1352 aequant.

227 1380 270 1444 20
291 1369 380 1434 Haec
400 1378 450 1450 ut,
471 1365 591 1453 amice,
612 1382 736 1458 petam,
758 1382 875 1456 cogunt
895 1368 1036 1452 fastidia,
1062 1371 1167 1456 longis
1255 1383 1257 1387 “
1316 1383 1319 1392 ’

290 1474 373 1540 Nata
391 1473 503 1556 malis,
531 1488 561 1539 et
582 1475 667 1562 quod
688 1474 809 1563 penitus
831 1471 966 1556 fellitus,
986 1497 1133 1540 amarans

243 1608 245 1611 ’
291 1577 376 1660 Ora,
397 1599 492 1664 sapor
515 1579 565 1646 nil
585 1579 677 1644 dulce
697 1601 772 1644 mec
793 1579 868 1647 sinit
891 1603 959 1646 esse
977 1581 1095 1668 palato.

289 1683 421 1747 Horum
442 1681 539 1767 igitur
557 1706 651 1750 succo
672 1683 783 1751 forsan
803 1684 928 1752 fastidia
947 1687 1087 1770 solvens,

290 1787 348 1854 Ad
361 1788 468 1853 solitas
490 1813 626 1856 revocer
646 1790 766 1876 mensis
790 1791 994 1856 redeuntibus
1015 1813 1110 1876 esras.

228 1903 271 1966 25
292 1893 347 1956 Ne
368 1903 493 1958 tantum
517 1895 629 1961 miseri
653 1895 766 1962 videar
787 1907 948 1984 possessor
969 1897 1072 1982 agelli,

289 1997 336 2063 Ut
359 2021 456 2086 genus
479 2000 539 2063 hoc
561 2001 653 2066 arbos
674 2003 765 2068 nullo
788 2001 872 2068 mihi
892 2002 1004 2067 floreat
1026 2002 1138 2066 horto:

289 2103 441 2170 Nascitur
462 2114 492 2167 et
510 2105 621 2170 multis
645 2119 753 2171 onerat
773 2129 828 2170 sua
848 2107 978 2172 brachia
998 2107 1117 2195 pomis,
1236 2175 1240 2186 ,

291 2209 353 2275 Sed
374 2207 481 2296 gravis
504 2222 663 2274 austerum
684 2209 747 2287 fert
770 2231 879 2274 succus
902 2209 942 2273 ad
966 2233 1023 2276 ora
1042 2233 1211 2298 saporem3

290 2315 350 2380 Illa
371 2327 490 2394 autem,
511 2312 652 2399 Libycas
674 2337 807 2400 quaese
829 2313 964 2378 sustollit
985 2314 1025 2377 ed
1046 2337 1147 2397 eures,

227 2435 270 2498 30
291 2417 433 2504 Mitescit
451 2418 588 2498 meliore
608 2421 693 2504 solo,
716 2420 858 2506 coelique
877 2417 1011 2506 tepentis

286 2508 495 2614 'Nutrimenta
516 2525 642 2590 trahens
663 2549 757 2594 succo
778 2547 812 2590 se
832 2522 967 2590 nectaris
987 2521 1100 2606 inplet.

591 2801 681 2892 Rufi
702 2803 801 2870 Festi
830 2801 968 2871 Avieni.

288 2919 377 2985 Rure
396 2941 527 2984 morans
549 2921 625 3006 quid
646 2943 754 3008 agam,
775 2919 929 3009 respondi
947 2941 1064 3008 pauca,
1085 2920 1234 3006 rogatus.

167 3082 170 3091 .
289 3025 379 3090 Luce
401 3024 475 3089 deos
498 3049 574 3090 oro:
597 3024 733 3090 famulos
754 3037 826 3114 post
847 3047 985 3109 arvaque
1005 3024 1088 3108 viso,
1119 3059 1122 3064 ·

286 3129 488 3216 Partitusque
513 3131 594 3197 meis
615 3131 711 3196 iustos
732 3130 841 3196 indico
862 3129 998 3196 labores.

288 3235 416 3302 Deinde
436 3239 524 3322 leg0‚
548 3236 777 3322 Phoebumque
798 3235 848 3299 cio
867 3236 1059 3322 Musamque
1079 3238 1207 3302 lacesso.

177 3363 179 3366 ·
224 3342 246 3406 5
287 3340 377 3407 Hinc
397 3343 470 3406 oleo
492 3364 606 3428 corpus
628 3340 730 3428 fingo,
757 3339 913 3426 mollique
932 3341 1087 3429 palaestra

288 3446 420 3532 Stringo
441 3447 555 3514 libens.
599 3415 725 3514 dnimo
749 3446 887 3532 gaudens
911 3469 947 3512 ac
965 3445 1077 3511 fenore
1097 3445 1191 3526 liber,

290 3551 455 3636 Prandeo,
476 3565 572 3640 poto,
594 3574 690 3635 cano,
711 3553 803 3636 ludu,
823 3553 914 3632 lanc,
937 3570 1049 3630 csend,
1072 3549 1209 3636 quiesco.

286 3657 379 3722 Dum
397 3682 516 3746 parvus
537 3659 675 3746 lyclmus
697 3657 866 3725 modicum
888 3664 1051 3721 consumat
1073 3653 1165 3740 olivi,

256 3845 258 3850 Α
288 3762 379 3828 Haec
401 3761 452 3826 dat
473 3763 636 3828 nocturnis
660 3787 728 3832 nox
749 3763 912 3829 lucubrata
933 3761 1096 3828 Camenis.

463 4019 586 4087 Turcii
611 4017 717 4108 Rufii
738 3915 943 4110 2nidroniensi
965 4018 1099 4087 Aeterii
1174 4036 1177 4042 '

521 4126 555 4176 de
572 4127 663 4178 codice
682 4125 787 4194 Virgilii
812 4144 872 4178 ase
891 4127 1040 4180 emendato.

308 4223 471 4290 Distincxi
493 4227 685 4308 emendans,
707 4239 833 4313 gratum
853 4225 937 4291 mihi
957 4247 1073 4292 munus
1094 4219 1191 4287 amici

348 4330 545 4420 Suscipiens:
567 4329 658 4418 operi
679 4333 805 4398 sedulus
826 4330 964 4413 incubui,
