3002 4816
718 193 946 346 ...reg

795 429 893 518 ἐκ.
981 542 982 546 p

710 553 753 620 In
772 551 976 632 Aureolum·

375 695 471 766 Dona
492 691 710 781 sepulcrorum
735 688 840 753 victor
867 699 940 776 post
961 685 1218 773 multatyranni
1236 715 1252 740 t,
1291 718 1295 729 .

417 797 550 869 Praelia.
591 796 661 860 Iam
682 791 764 858 felix
785 791 936 858 Claudius
958 789 1142 858 Amedum
1186 840 1191 850 .
1229 835 1233 846 ,
1292 804 1308 854 t.

373 903 509 972 Munere
528 897 730 990 prosequitur
753 896 885 961 mortali
905 908 936 961 et
955 896 1025 962 iure
1045 907 1212 984 superstes.

414 1007 539 1072 Vivere
560 1025 655 1091 quem
677 1002 791 1084 vellet,
825 1001 853 1065 si
875 1012 1031 1088 pateretur
1052 1023 1145 1066 amor

374 1111 487 1181 Militis
509 1106 644 1196 egregii,
664 1105 767 1171 vitam
788 1102 842 1191 qui
862 1103 932 1169 iure
953 1104 1082 1192 negavit

413 1213 575 1282 Omnibus
596 1209 748 1298 indignis.
789 1211 832 1276 Et
851 1209 954 1298 magis
974 1209 1121 1278 Aureolo
1205 1215 1245 1249 ·”“

371 1323 431 1389 Ille
450 1333 559 1386 tamen
580 1317 734 1402 clemens,
755 1313 809 1404 qui
829 1313 975 1404 corporis
998 1318 1109 1384 ultima
1129 1343 1262 1387 servans

413 1429 458 1494 Et
477 1435 610 1515 pontem
631 1419 767 1488 Aureoli
788 1421 909 1488 dedicat
929 1434 959 1494 et
979 1425 1155 1491 tumulum.

566 1765 568 1772 ι
624 1632 1041 1812 nlullan,

368 1877 484 1943 Invicti
505 1875 687 1942 veneranda
708 1874 797 1965 ducis
817 1899 877 1964 per
897 1877 999 1941 secula
1028 1876 1148 1941 vellent

366 1980 521 2046 Victrices
542 1981 670 2060 Musae,
696 1979 816 2062 Pallas,
838 1978 967 2045 crinitus
991 1978 1116 2068 Apollo

366 2089 464 2153 Laeta
484 2083 650 2151 serenilico
673 2081 846 2148 defundere
873 2085 1014 2152 carmina
1036 2086 1136 2162 coelc.
1153 2123 1167 2166 ·,
1192 2145 1196 2154 ,

364 2193 552 2257 Intemerata
572 2191 672 2254 malas
692 2187 863 2253 hominum
884 2201 929 2254 set
950 2177 1096 2254 numina¹
1109 2171 1250 2257 fraudes⁴

366 2296 548 2382 Iurgiaque,
576 2293 698 2360 arcanis
720 2305 749 2358 et
772 2293 894 2381 perfida
914 2303 1040 2382 pectora
1062 2295 1145 2360 curia

364 2401 504 2485 Fugere,
527 2397 683 2462 Hadriani
702 2409 809 2460 lamen
830 2397 868 2460 ad
891 2397 944 2484 pia
964 2399 1067 2463 secula
1089 2402 1170 2466 verti

364 2502 469 2585 Ausa,
490 2523 550 2589 per
572 2501 706 2564 occultes
728 2513 871 2566 remeant
893 2500 1009 2565 rimata
1032 2501 1177 2588 latebrae,
1217 2496 1221 2503 ’

363 2607 409 2674 Ut
429 2605 551 2694 spirent
571 2616 672 2668 cautes
694 2625 729 2667 ac
748 2616 894 2692 tempora
915 2603 1018 2693 prisca
1039 2607 1182 2674 salutent.

365 2712 460 2775 Sacra
480 2707 675 2774 Mamertino
696 2721 872 2774 sonuerunt
895 2711 1042 2799 praeside
1063 2713 1188 2800 cigna.-

280 2829 323 2889 10
363 2815 452 2879 Tum
475 2815 634 2902 superium
654 2811 821 2878 manifesta
845 2813 934 2880 fides.
977 2817 1069 2881 Stetit
1096 2817 1242 2886 inclutus
1262 2821 1379 2886 heroe·-

361 2918 504 2984 Inachias
524 2941 631 3005 sospes
653 2916 708 2984 diti
733 2919 814 3006 pede
834 2918 946 3008 pressit
967 2920 1111 2992 harenas.-
1192 2987 1196 3000 ,
1266 2970 1269 2983 .

360 3025 513 3111 Namque
532 3021 614 3086 iuter
634 3011 710 3086 'celsi
731 3023 856 3088 densata
877 3024 988 3089 sedilia
1011 3029 1137 3116 templi,

360 3130 469 3194 Incola
490 3153 551 3216 quo
571 3128 678 3218 plebes
697 3127 784 3193 tectis
806 3129 984 3196 effunditur
1005 3133 1087 3217 altis,

361 3234 499 3299 Munera
519 3232 708 3298 coelicolum
749 3265 791 3284 -·
825 3269 875 3291 .··-
916 3269 958 3284 -

783 3445 867 3515 813·
980 3449 985 3456 ⁴

453 3643 455 3650 Ι
675 3549 720 3615 In
742 3549 978 3619 Theodosium.

358 3664 476 3730 Martia
496 3661 719 3750 Theudoriam
739 3663 948 3736 dominorum
966 3669 1073 3736 Roma
1098 3683 1261 3758 parentem

356 3768 511 3860 Aedrerio
533 3767 659 3836 Divum
682 3793 835 3838 venerans
856 3772 993 3864 sacrarit
1010 3773 1046 3840 iu
1070 3773 1159 3866 crire.

448 4093 562 4184 Supra
577 4110 714 4186 portem
734 3994 877 4168 eugririn
896 4069 1208 4188 Conemnliaopoli:

358 4211 446 4288 llaec
465 4210 536 4280 loca
556 4211 755 4279 Theodosius
776 4213 994 4303 decoretpoat
1014 4213 1076 4281 fata
1097 4213 1260 4298 Tyranni·
1346 4245 1360 4294 ·,

358 4314 466 4383 Aurea
486 4314 567 4380 secla
580 4314 682 4399 golt,
703 4318 759 4402 qui
780 4332 908 4408 portatu¹
927 4317 1082 4392 concurrit
1101 4339 1191 4390 auro.
