2992 4826
733 232 938 345 Q-

444 426 507 494 cui
526 421 685 518 pecudum
707 421 823 510 fibrae,
854 428 935 496 coeli
960 427 1010 494 oui
1030 426 1134 495 sidera
1154 433 1281 520 parent!
1336 427 1339 432 ’

442 533 518 599 Heu
539 527 631 595 findis
648 531 781 600 ,incensa
802 530 911 617 feror,‘
934 545 992 600 stat
1012 532 1114 620 gratia
1135 533 1220 601 facti.

358 637 363 648 ‘
441 637 540 704 Illum
565 658 624 722 ego
644 657 703 724 per
725 634 873 702 flammas
890 649 924 703 et
943 639 1036 704 mille
1049 640 1215 726 ‘sequentia
1235 639 1306 725 tela,

442 741 506 808 Per
526 739 636 804 varios
660 761 763 825 casus,
784 764 844 830 per
864 753 911 808 tot
928 744 1117 810 discrimina
1135 767 1247 810 rerum

441 846 558 932 Eripui
579 846 659 929 leto,
681 844 798 930 fateor,
818 869 914 912 arma
931 847 1021 938 inpia
1041 849 1151 914 sumsi.
1493 923 1494 930 χ

442 951 505 1016 Sed
514 949 588 1037 quid
597 973 654 1037 ego
666 951 744 1016 haec
752 953 1080 1040 antemnaquidquam
1093 953 1214 1041 ingrata
1225 955 1388 1022 revolvo?
1488 1023 1494 1062 Ι

440 1055 529 1143 Quid
543 1057 666 1142 loquor,
680 1069 732 1121 eut
746 1057 1015 1127 abreuntians
1028 1060 1094 1123 iam·
1107 1057 1218 1124 foedus
1231 1071 1261 1124 et
1275 1081 1388 1124 omnes
1493 1087 1494 1092 ¹

277 1171 341 1238 160
442 1161 648 1249 Compositae
661 1161 765 1248 deges.
802 1164 931 1249 Credo,
961 1182 1034 1230 meu
1052 1167 1186 1248 vulnera
1206 1176 1333 1231 restant.

367 1265 419 1333 Ν.
440 1267 520 1331 Non
541 1267 604 1332 hoc
623 1267 683 1332 ista
702 1264 765 1331 sibi
782 1278 909 1357 ternpus
931 1269 1108 1358 spectanda
1128 1269 1242 1356 poscit,

440 1373 502 1436 Sed
524 1395 599 1460 cape
621 1371 701 1437 dicta
716 1373 967 1457 ¹memorpduri
987 1371 1099 1436 solatia
1120 1395 1218 1459 casus,

439 1477 587 1543 Sensibus
607 1477 685 1541 haec
705 1477 797 1561 imis3
819 1482 966 1544 nostram
986 1471 1074 1542 nunc
1097 1476 1203 1568 accipe
1224 1492 1384 1546 mentem:

437 1583 512 1648 Heu
531 1581 606 1670 suge
623 1583 768 1650 crudeles
788 1595 906 1668 terras,
924 1581 1002 1669 ‘iuge
1022 1581 1096 1650 titus
1118 1606 1264 1652 avarum.

276 1695 340 1762 165
365 1689 417 1756 M.
439 1689 521 1755 Cara
541 1689 624 1753 mihi
644 1688 772 1773 nutrix,
787 1689 993 1758 *clauditnos
1014 1688 1105 1755 obice
1124 1703 1251 1776 pontus.

436 1795 534 1859 Deest
544 1792 611 1858 iam
622 1783 709 1858 terra
723 1791 835 1879 fugae,
856 1814 968 1860 rerum
987 1791 1060 1885 p'ars
1072 1795 1173 1860 altera
1191 1796 1316 1862 ademta
1331 1811 1387 1882 est,

436 1899 507 1962 Hac
529 1920 625 1985 gener
639 1909 737 1982 atque
758 1919 849 1962 socer
868 1900 1033 1988 patriaque
1054 1901 1208 1968 excedere
1231 1902 1344 1985 suasit„

365 2001 417 2068 N.
438 2003 491 2067 Tu
512 2025 554 2066 ne
576 1993 652 2066 cede
666 2003 765 2067 malis
775 2052 787 2082 ‚
809 2003 864 2067 sed
881 2018 998 2071 eontra
1019 2005 1183 2071 audentior
1203 2007 1260 2091 ito,

284 2129 286 2132 ·
345 2169 347 2172 .
437 2109 480 2172 Et
497 2129 696 2192 quocumque
715 2107 818 2172 modo
835 2101 1003 2199 fugiasque
1017 2109 1167 2198 *ferasque
1187 2113 1341 2179 laborem.

275 2219 338 2284 170
437 2213 491 2277 Tu
512 2211 729 2300 modo-poste
750 2213 825 2278 deos
847 2215 994 2300 vernam,
1020 2227 1054 2280 tu
1074 2237 1208 2280 munera
1229 2217 1363 2306 supplex

438 2316 552 2382 'sende
571 2331 679 2406 petens
699 2341 830 2407 pacem,
853 2341 1021 2407 causasque
1042 2321 1169 2384 innecte
1190 2323 1342 2388 morandi

439 2421 653 2506 Carminibus,
673 2421 784 2490 forsan
805 2426 941 2490 miseros
962 2424 1099 2490 meliora
1119 2439 1297 2512 sequentur.

363 2526 414 2592 M.
434 2526 532 2604 Nunc
553 2528 651 2594 oblita
671 2530 755 2594 mibi
774 2543 821 2599 tot
838 2529 998 2592 carmma:
1017 2547 1090 2593 *vox
1109 2527 1251 2598 faucibus
1272 2533 1380 2621 haesit,

435 2632 529 2697 Mens
550 2632 674 2698 inmota
694 2627 804 2696 manet
825 2644 855 2697 et
879 2654 972 2696 caeco
994 2632 1138 2720 carpitur
1156 2633 1234 2721 igni.

274 2741 336 2806 175
436 2736 588 2802 Carmina
608 2737 663 2802 vel
684 2735 773 2800 coelo
794 2749 925 2823 possunt
947 2737 1102 2802 deducere
1124 2740 1246 2825 lunam,

434 2841 552 2906 sistere
572 2838 833 2925 aquamssuviis,
853 2840 1018 2908 deducere
1039 2844 1200 2910 montibus
1222 2868 1330 2913 ornos.

431 2946 500 3011 Has
520 2944 633 3010 herbas
656 2955 746 3030 atque
766 2942 846 3008 baec
866 2943 971 3013 Ponto
990 2947 1075 3015 mihi
1095 2949 1174 3014 lecta
1194 2973 1318 3018 venena

431 3052 504 3140 Ipse
525 3049 630 3114 dedit:
651 3047 734 3114 nihil
754 3048 809 3114 itte
830 3050 923 3138 deos,
943 3052 993 3118 nil
1013 3053 1156 3119 carmina
1178 3069 1275 3122 curat.

361 3157 411 3224 Ν.
433 3155 522 3244 Quid
542 3154 645 3238 struis,
667 3166 720 3220 aut
739 3179 800 3242 qua
820 3174 877 3247 spe
897 3158 1030 3225 inimica
1049 3159 1193 3245 ingente
1214 3163 1375 3230 moraris?

270 3272 333 3338 180
430 3261 1376 3352 Autpugnam‚autaliquidiamduduminvaderemagnum,

361 3449 363 3452 Ι
433 3363 495 3427 Seu
516 3383 644 3427 versare
665 3360 773 3446 dolos,
795 3387 851 3428 seu
872 3379 974 3432 certae
995 3369 1184 3434 occumbere
1204 3373 1312 3436 morti.

576 3529 693 3595 Iason.
735 3530 890 3602 Satelles.
931 3537 1066 3606 Medea.

381 3681 411 3746 Ι.
434 3677 532 3765 Quod
554 3677 636 3743 votis
657 3677 802 3764 optastis,
824 3680 919 3747 adest.
961 3681 1081 3750 Timor
1102 3684 1209 3750 omnis
1230 3685 1346 3750 abesto.

431 3785 506 3853 Hic
523 3785 654 3868 domus,
692 3783 746 3850 hic
763 3785 866 3874 patria
883 3797 945 3868 est,
981 3789 1108 3854 nullum
1134 3791 1234 3855 maris
1255 3812 1373 3876 aequor

834 3899 838 3908 '
882 3893 1047 3961 arandum.

432 3995 554 4060 Solvite
576 3995 672 4061 corde
692 4008 816 4062 metum
831 3998 962 4064 tandem
982 3999 1094 4066 tellure
1113 3999 1205 4086 potiti

269 4106 332 4173 165
427 4099 621 4174 Peerarios
643 4126 742 4169 casus.
786 4105 875 4170 Bene
894 4101 987 4191 gestis
1009 4123 1144 4190 corpora
1164 4102 1258 4167 rebus

430 4205 616 4292 Procurate,
637 4210 714 4276 viri.
754 4209 848 4298 Iuvat
868 4209 1034 4294 indulgere
1054 4207 1189 4280 choreis.

373 4307 410 4376 S.
430 4310 528 4378 Unde
541 4323 661 4380 tremor
680 4314 797 4385 terris?
821 4338 882 4402 qua
896 4313 931 4382 vi
943 4315 1047 4382 maria
1058 4315 1119 4382 alta
1129 4317 1329 4381 tumescunt?
